tick_num,wall_time_s,symbol,best_bid,best_ask,mid,bid_size,ask_size,spread
1,1775872047.1221209,A,1224,1230,1227.0,40,140,6
2,1775872047.2752872,A,1226,1230,1228.0,40,140,4
3,1775872047.2762911,A,1226,1230,1228.0,40,140,4
4,1775872047.280225,A,1226,1230,1228.0,40,140,4
5,1775872047.2814689,A,1226,1230,1228.0,40,140,4
6,1775872047.283714,A,1226,1230,1228.0,40,140,4
7,1775872047.284582,A,1226,1230,1228.0,40,140,4
8,1775872047.284828,A,1226,1230,1228.0,40,140,4
9,1775872047.2853382,A,1226,1230,1228.0,40,140,4
10,1775872047.286031,A,1226,1230,1228.0,40,140,4
11,1775872047.286148,A,1226,1230,1228.0,40,40,4
12,1775872047.286433,A,1226,1230,1228.0,40,40,4
13,1775872047.286537,A,1226,1231,1228.5,40,60,5
14,1775872047.286813,A,1226,1231,1228.5,40,60,5
15,1775872047.2879412,A,1226,1232,1229.0,40,120,6
16,1775872047.2888288,A,1226,1232,1229.0,40,120,6
17,1775872047.2919621,A,1226,1232,1229.0,40,40,6
18,1775872047.4742022,A,1227,1232,1229.5,40,40,5
19,1775872047.475561,A,1227,1232,1229.5,40,40,5
20,1775872047.479846,A,1227,1232,1229.5,40,40,5
21,1775872047.481557,A,1227,1232,1229.5,40,40,5
22,1775872047.48288,A,1227,1232,1229.5,40,40,5
23,1775872047.484668,A,1227,1232,1229.5,40,40,5
24,1775872047.4852118,A,1227,1232,1229.5,40,40,5
25,1775872047.4853399,A,1227,1232,1229.5,40,40,5
26,1775872047.486315,A,1227,1232,1229.5,40,40,5
27,1775872047.488048,A,1227,1232,1229.5,40,40,5
28,1775872047.488859,A,1227,1232,1229.5,40,40,5
29,1775872047.4890509,A,1227,1233,1230.0,40,100,6
30,1775872047.489276,A,1227,1233,1230.0,40,100,6
31,1775872047.489388,A,1227,1233,1230.0,40,40,6
32,1775872047.489909,A,1227,1233,1230.0,40,40,6
33,1775872047.4900868,A,1227,1233,1230.0,40,40,6
34,1775872047.671026,A,1227,1233,1230.0,80,40,6
35,1775872047.673174,A,1227,1233,1230.0,80,80,6
36,1775872047.673395,A,1227,1233,1230.0,80,80,6
37,1775872047.6756842,A,1227,1233,1230.0,80,80,6
38,1775872047.680604,A,1227,1233,1230.0,80,80,6
39,1775872047.683427,A,1227,1233,1230.0,80,80,6
40,1775872047.68584,A,1227,1233,1230.0,80,80,6
41,1775872047.686709,A,1227,1233,1230.0,80,80,6
42,1775872047.6884952,A,1227,1233,1230.0,80,80,6
43,1775872047.690557,A,1227,1233,1230.0,80,80,6
44,1775872047.692543,A,1227,1233,1230.0,40,80,6
45,1775872047.692649,A,1227,1233,1230.0,40,40,6
46,1775872047.692769,A,1227,1233,1230.0,40,40,6
47,1775872047.6928692,A,1227,1233,1230.0,40,40,6
48,1775872047.692964,A,1227,1233,1230.0,40,40,6
49,1775872047.6930702,A,1227,1233,1230.0,40,40,6
50,1775872047.872285,A,1227,1233,1230.0,40,40,6
51,1775872047.8737102,A,1227,1230,1228.5,40,40,3
52,1775872047.8769531,A,1227,1230,1228.5,40,40,3
53,1775872047.87961,A,1227,1230,1228.5,40,40,3
54,1775872047.880543,A,1227,1230,1228.5,40,40,3
55,1775872047.882171,A,1227,1230,1228.5,40,40,3
56,1775872047.882947,A,1227,1230,1228.5,40,40,3
57,1775872047.884383,A,1227,1230,1228.5,40,40,3
58,1775872047.885037,A,1227,1230,1228.5,40,40,3
59,1775872047.8856719,A,1227,1230,1228.5,40,40,3
60,1775872047.885849,A,1226,1230,1228.0,60,40,4
61,1775872047.887232,A,1226,1230,1228.0,60,40,4
62,1775872047.887711,A,1225,1230,1227.5,80,40,5
63,1775872047.887794,A,1225,1230,1227.5,80,40,5
64,1775872047.888032,A,1224,1230,1227.0,140,40,6
65,1775872047.888146,A,1224,1230,1227.0,140,40,6
66,1775872048.0745459,A,1224,1230,1227.0,180,40,6
67,1775872048.076163,A,1224,1230,1227.0,180,80,6
68,1775872048.080172,A,1224,1230,1227.0,180,80,6
69,1775872048.080561,A,1224,1230,1227.0,180,80,6
70,1775872048.08075,A,1224,1230,1227.0,180,80,6
71,1775872048.083984,A,1224,1230,1227.0,180,80,6
72,1775872048.085106,A,1224,1230,1227.0,180,80,6
73,1775872048.08699,A,1224,1230,1227.0,180,80,6
74,1775872048.088576,A,1224,1230,1227.0,80,80,6
75,1775872048.088753,A,1224,1230,1227.0,80,80,6
76,1775872048.088971,A,1224,1230,1227.0,40,80,6
77,1775872048.0892339,A,1224,1230,1227.0,40,40,6
78,1775872048.089928,A,1224,1230,1227.0,40,40,6
79,1775872048.090552,A,1224,1230,1227.0,40,40,6
80,1775872048.090712,A,1224,1230,1227.0,40,40,6
81,1775872048.091455,A,1224,1230,1227.0,40,40,6
82,1775872048.2751858,A,1224,1230,1227.0,40,40,6
83,1775872048.2758021,A,1224,1229,1226.5,40,40,5
84,1775872048.2773602,A,1224,1229,1226.5,40,40,5
85,1775872048.278326,A,1224,1229,1226.5,40,40,5
86,1775872048.27897,A,1224,1229,1226.5,40,40,5
87,1775872048.279676,A,1224,1229,1226.5,40,40,5
88,1775872048.2805052,A,1224,1229,1226.5,40,40,5
89,1775872048.282071,A,1224,1229,1226.5,40,40,5
90,1775872048.2829592,A,1224,1229,1226.5,40,40,5
91,1775872048.283396,A,1224,1229,1226.5,40,40,5
92,1775872048.2843509,A,1223,1229,1226.0,100,40,6
93,1775872048.284495,A,1223,1229,1226.0,100,40,6
94,1775872048.286222,A,1223,1229,1226.0,40,40,6
95,1775872048.286741,A,1223,1229,1226.0,40,40,6
96,1775872048.2875462,A,1223,1229,1226.0,40,40,6
97,1775872048.288666,A,1223,1229,1226.0,40,40,6
98,1775872048.4723132,A,1224,1229,1226.5,40,40,5
99,1775872048.47262,A,1224,1229,1226.5,40,40,5
100,1775872048.4728901,A,1224,1229,1226.5,40,40,5
101,1775872048.4735382,A,1224,1229,1226.5,40,40,5
102,1775872048.473679,A,1224,1229,1226.5,40,40,5
103,1775872048.4749172,A,1224,1229,1226.5,40,40,5
104,1775872048.4761338,A,1224,1229,1226.5,40,40,5
105,1775872048.478395,A,1224,1229,1226.5,40,40,5
106,1775872048.479197,A,1224,1229,1226.5,40,40,5
107,1775872048.480812,A,1224,1229,1226.5,40,40,5
108,1775872048.4821079,A,1224,1229,1226.5,40,40,5
109,1775872048.4825442,A,1224,1230,1227.0,40,100,6
110,1775872048.4827049,A,1224,1230,1227.0,40,100,6
111,1775872048.483754,A,1224,1230,1227.0,40,40,6
112,1775872048.484214,A,1224,1230,1227.0,40,40,6
113,1775872048.4845,A,1224,1230,1227.0,40,40,6
114,1775872048.672599,A,1229,1230,1229.5,40,40,1
115,1775872048.6729941,A,1229,1230,1229.5,40,40,1
116,1775872048.676482,A,1229,1227,1228.0,40,133,-2
117,1775872048.676845,A,1224,1227,1225.5,40,133,3
118,1775872048.677066,A,1224,1227,1225.5,40,93,3
119,1775872048.677279,A,1224,1230,1227.0,40,40,6
120,1775872048.678578,A,1228,1230,1229.0,60,40,2
121,1775872048.679741,A,1228,1230,1229.0,60,40,2
122,1775872048.681518,A,1228,1230,1229.0,60,40,2
123,1775872048.681986,A,1228,1230,1229.0,60,40,2
124,1775872048.683629,A,1228,1230,1229.0,60,40,2
125,1775872048.684669,A,1228,1230,1229.0,60,40,2
126,1775872048.6856089,A,1228,1230,1229.0,60,40,2
127,1775872048.686708,A,1228,1230,1229.0,60,40,2
128,1775872048.688587,A,1228,1230,1229.0,60,40,2
129,1775872048.688857,A,1228,1231,1229.5,60,60,3
130,1775872048.6894379,A,1228,1231,1229.5,60,60,3
131,1775872048.689537,A,1228,1232,1230.0,60,80,4
132,1775872048.690042,A,1228,1232,1230.0,60,80,4
133,1775872048.690136,A,1228,1233,1230.5,60,100,5
134,1775872048.8722801,A,1229,1233,1231.0,40,100,4
135,1775872048.8735738,A,1229,1233,1231.0,40,100,4
136,1775872048.874051,A,1229,1233,1231.0,40,100,4
137,1775872048.8750238,A,1229,1233,1231.0,40,100,4
138,1775872048.875193,A,1229,1233,1231.0,40,100,4
139,1775872048.875895,A,1229,1233,1231.0,40,100,4
140,1775872048.8761668,A,1229,1233,1231.0,40,100,4
141,1775872048.8772511,A,1229,1233,1231.0,40,100,4
142,1775872048.877655,A,1229,1233,1231.0,40,100,4
143,1775872048.878624,A,1229,1235,1232.0,40,80,6
144,1775872048.8836212,A,1229,1235,1232.0,40,40,6
145,1775872048.884317,A,1229,1235,1232.0,40,40,6
146,1775872048.885083,A,1229,1235,1232.0,40,40,6
147,1775872048.8852742,A,1229,1235,1232.0,40,40,6
148,1775872048.886239,A,1229,1235,1232.0,40,40,6
149,1775872049.0833302,A,1231,1235,1233.0,40,40,4
150,1775872049.084526,A,1231,1235,1233.0,40,40,4
151,1775872049.085483,A,1231,1235,1233.0,40,40,4
152,1775872049.085654,A,1231,1235,1233.0,40,40,4
153,1775872049.086901,A,1231,1235,1233.0,40,40,4
154,1775872049.0874612,A,1231,1235,1233.0,40,40,4
155,1775872049.088812,A,1231,1235,1233.0,40,40,4
156,1775872049.090949,A,1231,1235,1233.0,40,40,4
157,1775872049.0913548,A,1231,1235,1233.0,40,40,4
158,1775872049.091562,A,1231,1235,1233.0,40,40,4
159,1775872049.094815,A,1231,1235,1233.0,40,40,4
160,1775872049.09687,A,1231,1236,1233.5,40,60,5
161,1775872049.097684,A,1231,1236,1233.5,40,60,5
162,1775872049.0992398,A,1231,1237,1234.0,40,120,6
163,1775872049.099693,A,1231,1237,1234.0,40,120,6
164,1775872049.1005352,A,1231,1237,1234.0,40,40,6
165,1775872049.2743092,A,1231,1237,1234.0,40,40,6
166,1775872049.276955,A,1231,1234,1232.5,40,40,3
167,1775872049.2780879,A,1231,1234,1232.5,40,40,3
168,1775872049.278743,A,1231,1234,1232.5,40,40,3
169,1775872049.27891,A,1231,1234,1232.5,40,40,3
170,1775872049.279587,A,1231,1234,1232.5,40,40,3
171,1775872049.280409,A,1231,1234,1232.5,40,40,3
172,1775872049.283482,A,1231,1234,1232.5,40,40,3
173,1775872049.287199,A,1231,1234,1232.5,40,40,3
174,1775872049.287436,A,1231,1234,1232.5,40,40,3
175,1775872049.290911,A,1230,1234,1232.0,60,40,4
176,1775872049.29141,A,1230,1234,1232.0,60,40,4
177,1775872049.292382,A,1229,1234,1231.5,80,40,5
178,1775872049.292474,A,1229,1234,1231.5,80,40,5
179,1775872049.2928052,A,1228,1234,1231.0,140,40,6
180,1775872049.292982,A,1228,1234,1231.0,140,40,6
181,1775872049.4735842,A,1228,1234,1231.0,140,40,6
182,1775872049.475192,A,1228,1232,1230.0,140,40,4
183,1775872049.475895,A,1228,1232,1230.0,140,40,4
184,1775872049.476237,A,1228,1232,1230.0,140,40,4
185,1775872049.478861,A,1228,1232,1230.0,140,40,4
186,1775872049.479542,A,1228,1232,1230.0,140,40,4
187,1775872049.4801128,A,1228,1232,1230.0,140,40,4
188,1775872049.480309,A,1228,1232,1230.0,140,40,4
189,1775872049.48128,A,1228,1232,1230.0,40,40,4
190,1775872049.481796,A,1228,1232,1230.0,40,40,4
191,1775872049.482238,A,1227,1232,1229.5,60,40,5
192,1775872049.4831722,A,1227,1232,1229.5,60,40,5
193,1775872049.4835598,A,1226,1232,1229.0,120,40,6
194,1775872049.4847949,A,1226,1232,1229.0,120,40,6
195,1775872049.485613,A,1226,1232,1229.0,40,40,6
196,1775872049.486811,A,1226,1232,1229.0,40,40,6
197,1775872049.671071,A,1226,1232,1229.0,40,40,6
198,1775872049.672438,A,1226,1231,1228.5,40,40,5
199,1775872049.673692,A,1226,1231,1228.5,40,40,5
200,1775872049.674479,A,1226,1231,1228.5,40,40,5
201,1775872049.674886,A,1226,1231,1228.5,40,40,5
202,1775872049.675084,A,1226,1231,1228.5,40,40,5
203,1775872049.677321,A,1226,1231,1228.5,40,40,5
204,1775872049.6780548,A,1226,1231,1228.5,40,40,5
205,1775872049.679502,A,1226,1231,1228.5,40,40,5
206,1775872049.6843688,A,1226,1231,1228.5,40,40,5
207,1775872049.6845682,A,1225,1231,1228.0,100,40,6
208,1775872049.685424,A,1225,1231,1228.0,100,40,6
209,1775872049.6855118,A,1225,1231,1228.0,40,40,6
210,1775872049.6859038,A,1225,1231,1228.0,40,40,6
211,1775872049.6871371,A,1225,1231,1228.0,40,40,6
212,1775872049.687436,A,1225,1231,1228.0,40,40,6
213,1775872049.872722,A,1225,1231,1228.0,40,40,6
214,1775872049.87303,A,1225,1230,1227.5,40,40,5
215,1775872049.873752,A,1225,1230,1227.5,40,40,5
216,1775872049.875935,A,1225,1230,1227.5,40,40,5
217,1775872049.87692,A,1225,1230,1227.5,40,40,5
218,1775872049.878046,A,1225,1230,1227.5,40,40,5
219,1775872049.879699,A,1225,1230,1227.5,40,40,5
220,1775872049.880265,A,1225,1230,1227.5,40,40,5
221,1775872049.881829,A,1225,1230,1227.5,40,40,5
222,1775872049.882605,A,1225,1230,1227.5,40,40,5
223,1775872049.8829231,A,1224,1230,1227.0,100,40,6
224,1775872049.8837209,A,1224,1230,1227.0,100,40,6
225,1775872049.884247,A,1224,1230,1227.0,40,40,6
226,1775872049.8846238,A,1224,1230,1227.0,40,40,6
227,1775872049.884848,A,1224,1230,1227.0,40,40,6
228,1775872049.885082,A,1224,1230,1227.0,40,40,6
229,1775872050.073112,A,1224,1230,1227.0,80,40,6
230,1775872050.073927,A,1224,1230,1227.0,80,80,6
231,1775872050.074241,A,1224,1230,1227.0,80,80,6
232,1775872050.075572,A,1224,1230,1227.0,80,80,6
233,1775872050.077279,A,1224,1230,1227.0,80,80,6
234,1775872050.077865,A,1224,1230,1227.0,80,80,6
235,1775872050.081075,A,1224,1230,1227.0,80,80,6
236,1775872050.0818481,A,1224,1230,1227.0,80,80,6
237,1775872050.0843241,A,1224,1230,1227.0,80,80,6
238,1775872050.084911,A,1224,1230,1227.0,80,80,6
239,1775872050.0860422,A,1224,1230,1227.0,40,80,6
240,1775872050.0869582,A,1224,1230,1227.0,40,40,6
241,1775872050.090622,A,1224,1230,1227.0,40,40,6
242,1775872050.0909271,A,1224,1230,1227.0,40,40,6
243,1775872050.09129,A,1224,1230,1227.0,40,40,6
244,1775872050.0921118,A,1224,1230,1227.0,40,40,6
245,1775872050.271063,A,1225,1230,1227.5,40,40,5
246,1775872050.272736,A,1225,1230,1227.5,40,40,5
247,1775872050.273012,A,1225,1230,1227.5,40,40,5
248,1775872050.27448,A,1225,1230,1227.5,40,40,5
249,1775872050.277118,A,1225,1230,1227.5,40,40,5
250,1775872050.278529,A,1225,1230,1227.5,40,40,5
251,1775872050.280472,A,1225,1230,1227.5,40,40,5
252,1775872050.280611,A,1225,1230,1227.5,40,40,5
253,1775872050.2819562,A,1225,1230,1227.5,40,40,5
254,1775872050.282788,A,1225,1230,1227.5,40,40,5
255,1775872050.282909,A,1225,1230,1227.5,40,40,5
256,1775872050.284884,A,1225,1231,1228.0,40,100,6
257,1775872050.2849998,A,1225,1231,1228.0,40,100,6
258,1775872050.285216,A,1225,1231,1228.0,40,40,6
259,1775872050.2854269,A,1225,1231,1228.0,40,40,6
260,1775872050.285745,A,1225,1231,1228.0,40,40,6
261,1775872050.470268,A,1225,1231,1228.0,40,40,6
262,1775872050.470863,A,1225,1229,1227.0,40,40,4
263,1775872050.471911,A,1225,1229,1227.0,40,40,4
264,1775872050.472065,A,1225,1229,1227.0,40,40,4
265,1775872050.474048,A,1225,1229,1227.0,40,40,4
266,1775872050.474901,A,1225,1229,1227.0,40,40,4
267,1775872050.476186,A,1225,1229,1227.0,40,40,4
268,1775872050.479035,A,1225,1229,1227.0,40,40,4
269,1775872050.4796531,A,1225,1229,1227.0,40,40,4
270,1775872050.480329,A,1225,1229,1227.0,40,40,4
271,1775872050.4806368,A,1224,1229,1226.5,60,40,5
272,1775872050.481117,A,1224,1229,1226.5,60,40,5
273,1775872050.4816551,A,1223,1229,1226.0,120,40,6
274,1775872050.481836,A,1223,1229,1226.0,120,40,6
275,1775872050.483639,A,1223,1229,1226.0,40,40,6
276,1775872050.484695,A,1223,1229,1226.0,40,40,6
277,1775872050.6751192,A,1223,1229,1226.0,80,40,6
278,1775872050.675244,A,1223,1229,1226.0,80,80,6
279,1775872050.67538,A,1223,1229,1226.0,80,80,6
280,1775872050.675594,A,1223,1229,1226.0,80,80,6
281,1775872050.6758761,A,1223,1229,1226.0,80,80,6
282,1775872050.6761432,A,1223,1229,1226.0,80,80,6
283,1775872050.676971,A,1223,1229,1226.0,80,80,6
284,1775872050.6778188,A,1223,1229,1226.0,80,80,6
285,1775872050.6780958,A,1223,1229,1226.0,80,80,6
286,1775872050.680442,A,1223,1229,1226.0,80,80,6
287,1775872050.681268,A,1223,1229,1226.0,40,80,6
288,1775872050.6823199,A,1223,1229,1226.0,40,40,6
289,1775872050.682477,A,1223,1229,1226.0,40,40,6
290,1775872050.682983,A,1223,1229,1226.0,40,40,6
291,1775872050.6830668,A,1223,1229,1226.0,40,40,6
292,1775872050.68343,A,1223,1229,1226.0,40,40,6
293,1775872050.870646,A,1224,1229,1226.5,40,40,5
294,1775872050.8740458,A,1224,1229,1226.5,40,40,5
295,1775872050.87674,A,1224,1229,1226.5,40,40,5
296,1775872050.880665,A,1224,1229,1226.5,40,40,5
297,1775872050.884626,A,1224,1229,1226.5,40,40,5
298,1775872050.8854039,A,1224,1229,1226.5,40,40,5
299,1775872050.886226,A,1224,1229,1226.5,40,40,5
300,1775872050.886486,A,1224,1229,1226.5,40,40,5
301,1775872050.887202,A,1224,1229,1226.5,40,40,5
302,1775872050.88783,A,1224,1229,1226.5,40,40,5
303,1775872050.8879821,A,1224,1229,1226.5,40,40,5
304,1775872050.888202,A,1224,1230,1227.0,40,100,6
305,1775872050.888785,A,1224,1230,1227.0,40,100,6
306,1775872050.88896,A,1224,1230,1227.0,40,40,6
307,1775872050.889127,A,1224,1230,1227.0,40,40,6
308,1775872050.890173,A,1224,1230,1227.0,40,40,6
309,1775872051.080153,A,1225,1230,1227.5,40,40,5
310,1775872051.0836139,A,1225,1230,1227.5,40,40,5
311,1775872051.084331,A,1225,1230,1227.5,40,40,5
312,1775872051.084478,A,1225,1230,1227.5,40,40,5
313,1775872051.084623,A,1225,1230,1227.5,40,40,5
314,1775872051.086036,A,1225,1230,1227.5,40,40,5
315,1775872051.08785,A,1225,1230,1227.5,40,40,5
316,1775872051.0892851,A,1225,1230,1227.5,40,40,5
317,1775872051.0894668,A,1225,1230,1227.5,40,40,5
318,1775872051.0901299,A,1225,1230,1227.5,40,40,5
319,1775872051.0907211,A,1225,1230,1227.5,40,40,5
320,1775872051.0912151,A,1225,1231,1228.0,40,100,6
321,1775872051.091873,A,1225,1231,1228.0,40,100,6
322,1775872051.0920472,A,1225,1231,1228.0,40,40,6
323,1775872051.092582,A,1225,1231,1228.0,40,40,6
324,1775872051.092673,A,1225,1231,1228.0,40,40,6
325,1775872051.275403,A,1225,1231,1228.0,40,40,6
326,1775872051.27631,A,1225,1228,1226.5,40,40,3
327,1775872051.2781,A,1225,1228,1226.5,40,40,3
328,1775872051.284805,A,1225,1228,1226.5,40,40,3
329,1775872051.285186,A,1225,1228,1226.5,40,40,3
330,1775872051.285793,A,1225,1228,1226.5,40,40,3
331,1775872051.2866611,A,1225,1228,1226.5,40,40,3
332,1775872051.287138,A,1225,1228,1226.5,40,40,3
333,1775872051.287512,A,1225,1228,1226.5,40,40,3
334,1775872051.289191,A,1225,1228,1226.5,40,40,3
335,1775872051.289521,A,1224,1228,1226.0,60,40,4
336,1775872051.289612,A,1224,1228,1226.0,60,40,4
337,1775872051.289875,A,1223,1228,1225.5,80,40,5
338,1775872051.2906299,A,1223,1228,1225.5,80,40,5
339,1775872051.290804,A,1222,1228,1225.0,140,40,6
340,1775872051.2919538,A,1222,1228,1225.0,140,40,6
341,1775872051.474399,A,1224,1228,1226.0,40,40,4
342,1775872051.4761841,A,1224,1228,1226.0,40,40,4
343,1775872051.478046,A,1224,1228,1226.0,40,40,4
344,1775872051.479455,A,1224,1228,1226.0,40,40,4
345,1775872051.480267,A,1224,1228,1226.0,40,40,4
346,1775872051.4819798,A,1224,1228,1226.0,40,40,4
347,1775872051.482431,A,1224,1228,1226.0,40,40,4
348,1775872051.4828002,A,1224,1228,1226.0,40,40,4
349,1775872051.4855838,A,1224,1228,1226.0,40,40,4
350,1775872051.485825,A,1224,1228,1226.0,40,40,4
351,1775872051.487533,A,1224,1228,1226.0,40,40,4
352,1775872051.489269,A,1224,1229,1226.5,40,60,5
353,1775872051.49102,A,1224,1229,1226.5,40,60,5
354,1775872051.491127,A,1224,1230,1227.0,40,120,6
355,1775872051.491303,A,1224,1230,1227.0,40,120,6
356,1775872051.4916852,A,1224,1230,1227.0,40,40,6
357,1775872051.670698,A,1224,1230,1227.0,40,40,6
358,1775872051.671083,A,1224,1229,1226.5,40,40,5
359,1775872051.671365,A,1224,1229,1226.5,40,40,5
360,1775872051.673237,A,1224,1229,1226.5,40,40,5
361,1775872051.674556,A,1224,1229,1226.5,40,40,5
362,1775872051.675568,A,1224,1229,1226.5,40,40,5
363,1775872051.676129,A,1224,1229,1226.5,40,40,5
364,1775872051.676856,A,1224,1229,1226.5,40,40,5
365,1775872051.677706,A,1224,1229,1226.5,40,40,5
366,1775872051.6785312,A,1224,1229,1226.5,40,40,5
367,1775872051.680504,A,1223,1229,1226.0,100,40,6
368,1775872051.680738,A,1223,1229,1226.0,100,40,6
369,1775872051.681259,A,1223,1229,1226.0,40,40,6
370,1775872051.682532,A,1223,1229,1226.0,40,40,6
371,1775872051.683176,A,1223,1229,1226.0,40,40,6
372,1775872051.68366,A,1223,1229,1226.0,40,40,6
373,1775872051.871407,A,1226,1229,1227.5,40,40,3
374,1775872051.871754,A,1226,1229,1227.5,40,40,3
375,1775872051.873106,A,1226,1229,1227.5,40,40,3
376,1775872051.873597,A,1226,1229,1227.5,40,40,3
377,1775872051.873931,A,1226,1229,1227.5,40,40,3
378,1775872051.8740869,A,1226,1229,1227.5,40,40,3
379,1775872051.87506,A,1226,1229,1227.5,40,40,3
380,1775872051.875215,A,1226,1229,1227.5,40,40,3
381,1775872051.8761642,A,1226,1229,1227.5,40,40,3
382,1775872051.8769011,A,1226,1229,1227.5,40,40,3
383,1775872051.877084,A,1226,1229,1227.5,40,40,3
384,1775872051.87729,A,1226,1230,1228.0,40,60,4
385,1775872051.879478,A,1226,1230,1228.0,40,60,4
386,1775872051.87968,A,1226,1231,1228.5,40,80,5
387,1775872051.882305,A,1226,1231,1228.5,40,80,5
388,1775872051.882723,A,1226,1232,1229.0,40,140,6
389,1775872052.071091,A,1227,1232,1229.5,40,140,5
390,1775872052.0729542,A,1227,1232,1229.5,40,140,5
391,1775872052.075258,A,1227,1232,1229.5,40,140,5
392,1775872052.0777879,A,1227,1232,1229.5,40,140,5
393,1775872052.079384,A,1227,1232,1229.5,40,140,5
394,1775872052.079603,A,1227,1232,1229.5,40,140,5
395,1775872052.081026,A,1227,1232,1229.5,40,140,5
396,1775872052.085001,A,1227,1232,1229.5,40,140,5
397,1775872052.085301,A,1227,1232,1229.5,40,140,5
398,1775872052.0857139,A,1227,1232,1229.5,40,40,5
399,1775872052.085877,A,1227,1232,1229.5,40,40,5
400,1775872052.086118,A,1227,1233,1230.0,40,100,6
401,1775872052.086747,A,1227,1233,1230.0,40,100,6
402,1775872052.087512,A,1227,1233,1230.0,40,40,6
403,1775872052.0887702,A,1227,1233,1230.0,40,40,6
404,1775872052.0895722,A,1227,1233,1230.0,40,40,6
405,1775872052.277309,A,1228,1233,1230.5,40,40,5
406,1775872052.277546,A,1228,1233,1230.5,40,40,5
407,1775872052.278167,A,1228,1233,1230.5,40,40,5
408,1775872052.278477,A,1228,1233,1230.5,40,40,5
409,1775872052.282779,A,1228,1233,1230.5,40,40,5
410,1775872052.283933,A,1228,1233,1230.5,40,40,5
411,1775872052.284118,A,1228,1233,1230.5,40,40,5
412,1775872052.284715,A,1228,1233,1230.5,40,40,5
413,1775872052.285908,A,1228,1233,1230.5,40,40,5
414,1775872052.2866728,A,1228,1233,1230.5,40,40,5
415,1775872052.288301,A,1228,1233,1230.5,40,40,5
416,1775872052.289239,A,1228,1234,1231.0,40,100,6
417,1775872052.289394,A,1228,1234,1231.0,40,100,6
418,1775872052.2894762,A,1228,1234,1231.0,40,40,6
419,1775872052.289557,A,1228,1234,1231.0,40,40,6
420,1775872052.289641,A,1228,1234,1231.0,40,40,6
421,1775872052.4720662,A,1228,1234,1231.0,80,40,6
422,1775872052.4738188,A,1228,1234,1231.0,80,80,6
423,1775872052.4760478,A,1228,1234,1231.0,80,80,6
424,1775872052.479827,A,1228,1234,1231.0,80,80,6
425,1775872052.481981,A,1228,1234,1231.0,80,80,6
426,1775872052.482429,A,1228,1234,1231.0,80,80,6
427,1775872052.486155,A,1228,1234,1231.0,80,80,6
428,1775872052.4866629,A,1228,1234,1231.0,80,80,6
429,1775872052.487424,A,1228,1234,1231.0,80,80,6
430,1775872052.4882188,A,1228,1234,1231.0,80,80,6
431,1775872052.488482,A,1228,1234,1231.0,40,80,6
432,1775872052.488986,A,1228,1234,1231.0,40,40,6
433,1775872052.489078,A,1228,1234,1231.0,40,40,6
434,1775872052.490386,A,1228,1234,1231.0,40,40,6
435,1775872052.490478,A,1228,1234,1231.0,40,40,6
436,1775872052.49139,A,1228,1234,1231.0,40,40,6
437,1775872052.67662,A,1228,1234,1231.0,40,40,6
438,1775872052.678785,A,1228,1229,1228.5,40,40,1
439,1775872052.6789289,A,1228,1229,1228.5,40,40,1
440,1775872052.679898,A,1228,1229,1228.5,40,40,1
441,1775872052.6802728,A,1228,1229,1228.5,40,40,1
442,1775872052.6820202,A,1228,1229,1228.5,40,40,1
443,1775872052.684027,A,1228,1229,1228.5,40,40,1
444,1775872052.685515,A,1228,1229,1228.5,40,40,1
445,1775872052.6862621,A,1228,1229,1228.5,40,40,1
446,1775872052.6876621,A,1228,1229,1228.5,40,40,1
447,1775872052.687756,A,1227,1229,1228.0,60,40,2
448,1775872052.688573,A,1227,1229,1228.0,60,40,2
449,1775872052.6890519,A,1226,1229,1227.5,80,40,3
450,1775872052.689909,A,1226,1229,1227.5,80,40,3
451,1775872052.690133,A,1225,1229,1227.0,100,40,4
452,1775872052.690432,A,1225,1229,1227.0,100,40,4
453,1775872052.8707688,A,1225,1229,1227.0,100,40,4
454,1775872052.8711529,A,1225,1229,1227.0,100,80,4
455,1775872052.874314,A,1225,1229,1227.0,100,80,4
456,1775872052.877318,A,1225,1229,1227.0,100,80,4
457,1775872052.8796391,A,1225,1229,1227.0,100,80,4
458,1775872052.8817291,A,1225,1229,1227.0,100,80,4
459,1775872052.8818529,A,1225,1229,1227.0,100,80,4
460,1775872052.883338,A,1225,1229,1227.0,100,80,4
461,1775872052.8835788,A,1223,1229,1226.0,80,80,6
462,1775872052.884733,A,1223,1229,1226.0,80,80,6
463,1775872052.88544,A,1223,1229,1226.0,40,80,6
464,1775872052.88563,A,1223,1229,1226.0,40,40,6
465,1775872052.886851,A,1223,1229,1226.0,40,40,6
466,1775872052.8879979,A,1223,1229,1226.0,40,40,6
467,1775872052.888505,A,1223,1229,1226.0,40,40,6
468,1775872052.889232,A,1223,1229,1226.0,40,40,6
469,1775872053.1099799,A,1223,1229,1226.0,80,40,6
470,1775872053.112054,A,1223,1229,1226.0,80,80,6
471,1775872053.113638,A,1223,1229,1226.0,80,80,6
472,1775872053.116244,A,1223,1229,1226.0,80,80,6
473,1775872053.119638,A,1223,1229,1226.0,80,80,6
474,1775872053.119754,A,1223,1229,1226.0,80,80,6
475,1775872053.120408,A,1223,1229,1226.0,80,80,6
476,1775872053.120851,A,1223,1229,1226.0,80,80,6
477,1775872053.12121,A,1223,1229,1226.0,80,80,6
478,1775872053.121981,A,1223,1229,1226.0,80,80,6
479,1775872053.122454,A,1223,1229,1226.0,40,80,6
480,1775872053.122696,A,1223,1229,1226.0,40,40,6
481,1775872053.124557,A,1223,1229,1226.0,40,40,6
482,1775872053.125118,A,1223,1229,1226.0,40,40,6
483,1775872053.1252391,A,1223,1229,1226.0,40,40,6
484,1775872053.1253319,A,1223,1229,1226.0,40,40,6
485,1775872053.278964,A,1227,1229,1228.0,40,40,2
486,1775872053.27932,A,1227,1229,1228.0,40,40,2
487,1775872053.280638,A,1227,1229,1228.0,40,40,2
488,1775872053.2808058,A,1227,1229,1228.0,40,40,2
489,1775872053.282977,A,1227,1229,1228.0,40,40,2
490,1775872053.2851388,A,1227,1229,1228.0,40,40,2
491,1775872053.285438,A,1227,1229,1228.0,40,40,2
492,1775872053.285728,A,1227,1229,1228.0,40,40,2
493,1775872053.286518,A,1227,1229,1228.0,40,40,2
494,1775872053.289537,A,1227,1229,1228.0,40,40,2
495,1775872053.290376,A,1227,1229,1228.0,40,40,2
496,1775872053.290582,A,1227,1230,1228.5,40,60,3
497,1775872053.291032,A,1227,1230,1228.5,40,60,3
498,1775872053.291136,A,1227,1231,1229.0,40,80,4
499,1775872053.291404,A,1227,1231,1229.0,40,80,4
500,1775872053.292,A,1227,1232,1229.5,40,100,5
501,1775872053.475293,A,1227,1232,1229.5,40,100,5
502,1775872053.477094,A,1227,1230,1228.5,40,40,3
503,1775872053.479027,A,1227,1230,1228.5,40,40,3
504,1775872053.480688,A,1227,1230,1228.5,40,40,3
505,1775872053.4828851,A,1227,1230,1228.5,40,40,3
506,1775872053.485027,A,1227,1230,1228.5,40,40,3
507,1775872053.4852638,A,1227,1230,1228.5,40,40,3
508,1775872053.486002,A,1227,1230,1228.5,40,40,3
509,1775872053.489258,A,1227,1230,1228.5,40,40,3
510,1775872053.489855,A,1227,1230,1228.5,40,40,3
511,1775872053.490124,A,1226,1230,1228.0,60,40,4
512,1775872053.4910111,A,1226,1230,1228.0,60,40,4
513,1775872053.49198,A,1225,1230,1227.5,80,40,5
514,1775872053.4923499,A,1225,1230,1227.5,80,40,5
515,1775872053.492447,A,1224,1230,1227.0,140,40,6
516,1775872053.492797,A,1224,1230,1227.0,140,40,6
517,1775872053.68016,A,1224,1230,1227.0,140,40,6
518,1775872053.682155,A,1224,1229,1226.5,140,40,5
519,1775872053.682296,A,1224,1229,1226.5,140,40,5
520,1775872053.683122,A,1224,1229,1226.5,140,40,5
521,1775872053.684028,A,1224,1229,1226.5,140,40,5
522,1775872053.684652,A,1224,1229,1226.5,140,40,5
523,1775872053.684733,A,1224,1229,1226.5,140,40,5
524,1775872053.685674,A,1224,1229,1226.5,140,40,5
525,1775872053.687156,A,1224,1229,1226.5,40,40,5
526,1775872053.687388,A,1224,1229,1226.5,40,40,5
527,1775872053.6876328,A,1223,1229,1226.0,100,40,6
528,1775872053.688087,A,1223,1229,1226.0,100,40,6
529,1775872053.689504,A,1223,1229,1226.0,40,40,6
530,1775872053.6896799,A,1223,1229,1226.0,40,40,6
531,1775872053.690125,A,1223,1229,1226.0,40,40,6
532,1775872053.690316,A,1223,1229,1226.0,40,40,6
533,1775872053.893783,A,1223,1229,1226.0,80,40,6
534,1775872053.8946612,A,1223,1229,1226.0,80,80,6
535,1775872053.895287,A,1223,1229,1226.0,80,80,6
536,1775872053.897168,A,1223,1229,1226.0,80,80,6
537,1775872053.898936,A,1223,1229,1226.0,80,80,6
538,1775872053.899095,A,1223,1229,1226.0,80,80,6
539,1775872053.899526,A,1223,1229,1226.0,80,80,6
540,1775872053.9016051,A,1223,1229,1226.0,80,80,6
541,1775872053.902721,A,1223,1229,1226.0,80,80,6
542,1775872053.904417,A,1223,1229,1226.0,80,80,6
543,1775872053.9055722,A,1223,1229,1226.0,40,80,6
544,1775872053.906174,A,1223,1229,1226.0,40,40,6
545,1775872053.9066062,A,1223,1229,1226.0,40,40,6
546,1775872053.9069161,A,1223,1229,1226.0,40,40,6
547,1775872053.90809,A,1223,1229,1226.0,40,40,6
548,1775872053.908278,A,1223,1229,1226.0,40,40,6
549,1775872054.075285,A,1223,1229,1226.0,40,40,6
550,1775872054.075989,A,1223,1226,1224.5,40,40,3
551,1775872054.0762649,A,1223,1226,1224.5,40,40,3
552,1775872054.0764081,A,1223,1226,1224.5,40,40,3
553,1775872054.0770738,A,1223,1226,1224.5,40,40,3
554,1775872054.078069,A,1223,1226,1224.5,40,40,3
555,1775872054.078681,A,1223,1226,1224.5,40,40,3
556,1775872054.078938,A,1223,1226,1224.5,40,40,3
557,1775872054.080367,A,1223,1226,1224.5,40,40,3
558,1775872054.080826,A,1223,1226,1224.5,40,40,3
559,1775872054.08199,A,1222,1226,1224.0,60,40,4
560,1775872054.0823412,A,1222,1226,1224.0,60,40,4
561,1775872054.0831418,A,1221,1226,1223.5,80,40,5
562,1775872054.083432,A,1221,1226,1223.5,80,40,5
563,1775872054.0839639,A,1220,1226,1223.0,140,40,6
564,1775872054.084081,A,1220,1226,1223.0,140,40,6
565,1775872054.273149,A,1220,1226,1223.0,180,40,6
566,1775872054.275661,A,1220,1226,1223.0,180,80,6
567,1775872054.275821,A,1220,1226,1223.0,180,80,6
568,1775872054.277487,A,1220,1226,1223.0,180,80,6
569,1775872054.278891,A,1220,1226,1223.0,180,80,6
570,1775872054.280968,A,1220,1226,1223.0,180,80,6
571,1775872054.281566,A,1220,1226,1223.0,180,80,6
572,1775872054.286497,A,1220,1226,1223.0,180,80,6
573,1775872054.2875578,A,1220,1226,1223.0,80,80,6
574,1775872054.287926,A,1220,1226,1223.0,80,80,6
575,1775872054.2887528,A,1220,1226,1223.0,40,80,6
576,1775872054.289514,A,1220,1226,1223.0,40,40,6
577,1775872054.2896159,A,1220,1226,1223.0,40,40,6
578,1775872054.2897081,A,1220,1226,1223.0,40,40,6
579,1775872054.289977,A,1220,1226,1223.0,40,40,6
580,1775872054.29007,A,1220,1226,1223.0,40,40,6
581,1775872054.4733,A,1222,1226,1224.0,40,40,4
582,1775872054.474229,A,1222,1226,1224.0,40,40,4
583,1775872054.47683,A,1222,1226,1224.0,40,40,4
584,1775872054.478615,A,1222,1226,1224.0,40,40,4
585,1775872054.479667,A,1222,1226,1224.0,40,40,4
586,1775872054.481181,A,1222,1226,1224.0,40,40,4
587,1775872054.4813251,A,1222,1226,1224.0,40,40,4
588,1775872054.482465,A,1222,1226,1224.0,40,40,4
589,1775872054.4849448,A,1222,1226,1224.0,40,40,4
590,1775872054.486001,A,1222,1226,1224.0,40,40,4
591,1775872054.4873228,A,1222,1226,1224.0,40,40,4
592,1775872054.487713,A,1222,1227,1224.5,40,60,5
593,1775872054.489057,A,1222,1227,1224.5,40,60,5
594,1775872054.4893608,A,1222,1228,1225.0,40,120,6
595,1775872054.489457,A,1222,1228,1225.0,40,120,6
596,1775872054.489901,A,1222,1228,1225.0,40,40,6
597,1775872054.677674,A,1224,1228,1226.0,40,40,4
598,1775872054.679202,A,1224,1228,1226.0,40,40,4
599,1775872054.680966,A,1224,1228,1226.0,40,40,4
600,1775872054.6811619,A,1224,1228,1226.0,40,40,4
601,1775872054.6813571,A,1224,1228,1226.0,40,40,4
602,1775872054.683125,A,1224,1228,1226.0,40,40,4
603,1775872054.6850429,A,1224,1228,1226.0,40,40,4
604,1775872054.686341,A,1224,1228,1226.0,40,40,4
605,1775872054.6869388,A,1224,1228,1226.0,40,40,4
606,1775872054.688587,A,1224,1228,1226.0,40,40,4
607,1775872054.68945,A,1224,1228,1226.0,40,40,4
608,1775872054.689641,A,1224,1229,1226.5,40,60,5
609,1775872054.690188,A,1224,1229,1226.5,40,60,5
610,1775872054.690371,A,1224,1230,1227.0,40,120,6
611,1775872054.691083,A,1224,1230,1227.0,40,120,6
612,1775872054.691477,A,1224,1230,1227.0,40,40,6
613,1775872054.870655,A,1224,1230,1227.0,40,40,6
614,1775872054.88258,A,1224,1228,1226.0,40,40,4
615,1775872054.882831,A,1224,1228,1226.0,40,40,4
616,1775872054.883753,A,1224,1228,1226.0,40,40,4
617,1775872054.8861198,A,1224,1228,1226.0,40,40,4
618,1775872054.8878322,A,1224,1228,1226.0,40,40,4
619,1775872054.8883681,A,1224,1228,1226.0,40,40,4
620,1775872054.888625,A,1224,1228,1226.0,40,40,4
621,1775872054.889316,A,1224,1228,1226.0,40,40,4
622,1775872054.889659,A,1224,1228,1226.0,40,40,4
623,1775872054.8905349,A,1223,1228,1225.5,60,40,5
624,1775872054.890715,A,1223,1228,1225.5,60,40,5
625,1775872054.890969,A,1222,1228,1225.0,120,40,6
626,1775872054.891391,A,1222,1228,1225.0,120,40,6
627,1775872054.892128,A,1222,1228,1225.0,40,40,6
628,1775872054.8938298,A,1222,1228,1225.0,40,40,6
629,1775872055.076111,A,1222,1228,1225.0,40,40,6
630,1775872055.077971,A,1222,1225,1223.5,40,40,3
631,1775872055.07966,A,1222,1225,1223.5,40,40,3
632,1775872055.081454,A,1222,1225,1223.5,40,40,3
633,1775872055.0819461,A,1222,1225,1223.5,40,40,3
634,1775872055.083424,A,1222,1225,1223.5,40,40,3
635,1775872055.083881,A,1222,1225,1223.5,40,40,3
636,1775872055.084311,A,1222,1225,1223.5,40,40,3
637,1775872055.084723,A,1222,1225,1223.5,40,40,3
638,1775872055.084898,A,1222,1225,1223.5,40,40,3
639,1775872055.085829,A,1221,1225,1223.0,60,40,4
640,1775872055.0865002,A,1221,1225,1223.0,60,40,4
641,1775872055.087222,A,1220,1225,1222.5,80,40,5
642,1775872055.087658,A,1220,1225,1222.5,80,40,5
643,1775872055.088599,A,1219,1225,1222.0,140,40,6
644,1775872055.088703,A,1219,1225,1222.0,140,40,6
645,1775872055.2708962,A,1221,1225,1223.0,40,40,4
646,1775872055.271671,A,1221,1225,1223.0,40,40,4
647,1775872055.272335,A,1221,1225,1223.0,40,40,4
648,1775872055.274445,A,1221,1225,1223.0,40,40,4
649,1775872055.276108,A,1221,1225,1223.0,40,40,4
650,1775872055.281331,A,1221,1225,1223.0,40,40,4
651,1775872055.281566,A,1221,1225,1223.0,40,40,4
652,1775872055.2831511,A,1221,1225,1223.0,40,40,4
653,1775872055.2835882,A,1221,1225,1223.0,40,40,4
654,1775872055.284253,A,1221,1225,1223.0,40,40,4
655,1775872055.284898,A,1221,1225,1223.0,40,40,4
656,1775872055.285117,A,1221,1226,1223.5,40,60,5
657,1775872055.2855191,A,1221,1226,1223.5,40,60,5
658,1775872055.2855942,A,1221,1227,1224.0,40,120,6
659,1775872055.285726,A,1221,1227,1224.0,40,120,6
660,1775872055.285921,A,1221,1227,1224.0,40,40,6
661,1775872055.473072,A,1221,1227,1224.0,40,40,6
662,1775872055.4732869,A,1221,1226,1223.5,40,40,5
663,1775872055.47386,A,1221,1226,1223.5,40,40,5
664,1775872055.474015,A,1221,1226,1223.5,40,40,5
665,1775872055.475702,A,1221,1226,1223.5,40,40,5
666,1775872055.4769258,A,1221,1226,1223.5,40,40,5
667,1775872055.4797041,A,1221,1226,1223.5,40,40,5
668,1775872055.480465,A,1221,1226,1223.5,40,40,5
669,1775872055.4811661,A,1221,1226,1223.5,40,40,5
670,1775872055.481584,A,1221,1226,1223.5,40,40,5
671,1775872055.4827452,A,1220,1226,1223.0,100,40,6
672,1775872055.482943,A,1220,1226,1223.0,100,40,6
673,1775872055.483047,A,1220,1226,1223.0,40,40,6
674,1775872055.483259,A,1220,1226,1223.0,40,40,6
675,1775872055.483364,A,1220,1226,1223.0,40,40,6
676,1775872055.484222,A,1220,1226,1223.0,40,40,6
677,1775872055.6694798,A,1222,1226,1224.0,40,40,4
678,1775872055.6737149,A,1222,1226,1224.0,40,40,4
679,1775872055.674956,A,1222,1226,1224.0,40,40,4
680,1775872055.6772301,A,1222,1226,1224.0,40,40,4
681,1775872055.677749,A,1222,1226,1224.0,40,40,4
682,1775872055.679093,A,1222,1226,1224.0,40,40,4
683,1775872055.6796212,A,1222,1226,1224.0,40,40,4
684,1775872055.680547,A,1222,1226,1224.0,40,40,4
685,1775872055.683846,A,1222,1226,1224.0,40,40,4
686,1775872055.6843362,A,1222,1226,1224.0,40,40,4
687,1775872055.684872,A,1222,1226,1224.0,40,40,4
688,1775872055.685324,A,1222,1227,1224.5,40,60,5
689,1775872055.685934,A,1222,1227,1224.5,40,60,5
690,1775872055.686144,A,1222,1228,1225.0,40,120,6
691,1775872055.6862772,A,1222,1228,1225.0,40,120,6
692,1775872055.686569,A,1222,1228,1225.0,40,40,6
693,1775872055.8703182,A,1222,1228,1225.0,40,40,6
694,1775872055.8709419,A,1222,1227,1224.5,40,40,5
695,1775872055.87308,A,1222,1227,1224.5,40,40,5
696,1775872055.874654,A,1222,1227,1224.5,40,40,5
697,1775872055.877964,A,1222,1227,1224.5,40,40,5
698,1775872055.878716,A,1222,1227,1224.5,40,40,5
699,1775872055.878919,A,1222,1227,1224.5,40,40,5
700,1775872055.88149,A,1222,1227,1224.5,40,40,5
701,1775872055.881855,A,1222,1227,1224.5,40,40,5
702,1775872055.882814,A,1222,1227,1224.5,40,40,5
703,1775872055.88444,A,1221,1227,1224.0,100,40,6
704,1775872055.884602,A,1221,1227,1224.0,100,40,6
705,1775872055.886903,A,1221,1227,1224.0,40,40,6
706,1775872055.8878531,A,1221,1227,1224.0,40,40,6
707,1775872055.888271,A,1221,1227,1224.0,40,40,6
708,1775872055.890529,A,1221,1227,1224.0,40,40,6
709,1775872056.07274,A,1222,1227,1224.5,40,40,5
710,1775872056.0751412,A,1222,1227,1224.5,40,40,5
711,1775872056.076107,A,1222,1227,1224.5,40,40,5
712,1775872056.077076,A,1222,1227,1224.5,40,40,5
713,1775872056.077852,A,1222,1227,1224.5,40,40,5
714,1775872056.079663,A,1222,1227,1224.5,40,40,5
715,1775872056.081145,A,1222,1227,1224.5,40,40,5
716,1775872056.0815759,A,1222,1227,1224.5,40,40,5
717,1775872056.081791,A,1222,1227,1224.5,40,40,5
718,1775872056.082201,A,1222,1227,1224.5,40,40,5
719,1775872056.0828989,A,1222,1227,1224.5,40,40,5
720,1775872056.0830112,A,1222,1228,1225.0,40,100,6
721,1775872056.084197,A,1222,1228,1225.0,40,100,6
722,1775872056.085084,A,1222,1228,1225.0,40,40,6
723,1775872056.085767,A,1222,1228,1225.0,40,40,6
724,1775872056.0862248,A,1222,1228,1225.0,40,40,6
725,1775872056.273006,A,1222,1228,1225.0,80,40,6
726,1775872056.2757802,A,1222,1228,1225.0,80,80,6
727,1775872056.276973,A,1222,1228,1225.0,80,80,6
728,1775872056.27792,A,1222,1228,1225.0,80,80,6
729,1775872056.278334,A,1222,1228,1225.0,80,80,6
730,1775872056.279263,A,1222,1228,1225.0,80,80,6
731,1775872056.2795498,A,1222,1228,1225.0,80,80,6
732,1775872056.279819,A,1222,1228,1225.0,80,80,6
733,1775872056.2803478,A,1222,1228,1225.0,80,80,6
734,1775872056.280614,A,1222,1228,1225.0,80,80,6
735,1775872056.282642,A,1222,1228,1225.0,40,80,6
736,1775872056.2851598,A,1222,1228,1225.0,40,40,6
737,1775872056.285547,A,1222,1228,1225.0,40,40,6
738,1775872056.28812,A,1222,1228,1225.0,40,40,6
739,1775872056.288241,A,1222,1228,1225.0,40,40,6
740,1775872056.2884638,A,1222,1228,1225.0,40,40,6
741,1775872056.4814248,A,1224,1228,1226.0,40,40,4
742,1775872056.483971,A,1224,1228,1226.0,40,40,4
743,1775872056.4851341,A,1224,1228,1226.0,40,40,4
744,1775872056.486447,A,1224,1228,1226.0,40,40,4
745,1775872056.4870038,A,1224,1228,1226.0,40,40,4
746,1775872056.4884741,A,1224,1228,1226.0,40,40,4
747,1775872056.4893398,A,1224,1228,1226.0,40,40,4
748,1775872056.491141,A,1224,1228,1226.0,40,40,4
749,1775872056.492662,A,1224,1228,1226.0,40,40,4
750,1775872056.49364,A,1224,1228,1226.0,40,40,4
751,1775872056.4937449,A,1224,1228,1226.0,40,40,4
752,1775872056.493844,A,1224,1229,1226.5,40,60,5
753,1775872056.4939451,A,1224,1229,1226.5,40,60,5
754,1775872056.494122,A,1224,1230,1227.0,40,120,6
755,1775872056.4942179,A,1224,1230,1227.0,40,120,6
756,1775872056.494396,A,1224,1230,1227.0,40,40,6
757,1775872056.674174,A,1224,1230,1227.0,80,40,6
758,1775872056.676042,A,1224,1230,1227.0,80,80,6
759,1775872056.6763341,A,1224,1230,1227.0,80,80,6
760,1775872056.6775491,A,1224,1230,1227.0,80,80,6
761,1775872056.679281,A,1224,1230,1227.0,80,80,6
762,1775872056.679575,A,1224,1230,1227.0,80,80,6
763,1775872056.6803,A,1224,1230,1227.0,80,80,6
764,1775872056.680594,A,1224,1230,1227.0,80,80,6
765,1775872056.682325,A,1224,1230,1227.0,80,80,6
766,1775872056.683309,A,1224,1230,1227.0,80,80,6
767,1775872056.6842098,A,1224,1230,1227.0,40,80,6
768,1775872056.684781,A,1224,1230,1227.0,40,40,6
769,1775872056.685727,A,1224,1230,1227.0,40,40,6
770,1775872056.686448,A,1224,1230,1227.0,40,40,6
771,1775872056.686555,A,1224,1230,1227.0,40,40,6
772,1775872056.686652,A,1224,1230,1227.0,40,40,6
773,1775872056.879346,A,1224,1230,1227.0,40,40,6
774,1775872056.879932,A,1224,1228,1226.0,40,40,4
775,1775872056.881859,A,1224,1228,1226.0,40,40,4
776,1775872056.882625,A,1224,1228,1226.0,40,40,4
777,1775872056.882775,A,1224,1228,1226.0,40,40,4
778,1775872056.88413,A,1224,1228,1226.0,40,40,4
779,1775872056.8842392,A,1224,1228,1226.0,40,40,4
780,1775872056.885525,A,1224,1228,1226.0,40,40,4
781,1775872056.886104,A,1224,1228,1226.0,40,40,4
782,1775872056.8869572,A,1224,1228,1226.0,40,40,4
783,1775872056.8871732,A,1223,1228,1225.5,60,40,5
784,1775872056.88766,A,1223,1228,1225.5,60,40,5
785,1775872056.888222,A,1222,1228,1225.0,120,40,6
786,1775872056.8886342,A,1222,1228,1225.0,120,40,6
787,1775872056.889139,A,1222,1228,1225.0,40,40,6
788,1775872056.889626,A,1222,1228,1225.0,40,40,6
789,1775872056.909411,A,1222,1229,1225.5,40,60,7
790,1775872056.9096,A,1222,1229,1225.5,40,20,7
791,1775872056.913588,A,1222,1229,1225.5,40,1,7
792,1775872056.913911,A,1222,1230,1226.0,40,80,8
793,1775872056.914065,A,1222,1230,1226.0,40,41,8
794,1775872056.914212,A,1222,1230,1226.0,40,1,8
795,1775872056.914359,A,1222,1231,1226.5,40,100,9
796,1775872056.914504,A,1222,1231,1226.5,40,82,9
797,1775872056.963187,A,1221,1231,1226.0,160,82,10
798,1775872056.963598,A,1221,1231,1226.0,120,82,10
799,1775872056.9638531,A,1221,1231,1226.0,101,82,10
800,1775872057.002312,A,1221,1231,1226.0,100,82,10
801,1775872057.003027,A,1221,1231,1226.0,61,82,10
802,1775872057.003629,A,1221,1231,1226.0,21,82,10
803,1775872057.004159,A,1221,1231,1226.0,2,82,10
804,1775872057.0526872,A,1221,1231,1226.0,2,42,10
805,1775872057.05326,A,1221,1231,1226.0,2,2,10
806,1775872057.0538418,A,1221,1233,1227.0,2,100,12
807,1775872057.0554361,A,1221,1233,1227.0,2,83,12
808,1775872057.071212,A,1221,1233,1227.0,42,83,12
809,1775872057.0721889,A,1221,1227,1224.0,42,40,6
810,1775872057.075008,A,1221,1227,1224.0,42,40,6
811,1775872057.076998,A,1221,1227,1224.0,42,40,6
812,1775872057.07904,A,1221,1227,1224.0,42,40,6
813,1775872057.079642,A,1221,1227,1224.0,42,40,6
814,1775872057.0810099,A,1221,1227,1224.0,42,40,6
815,1775872057.081263,A,1221,1227,1224.0,42,40,6
816,1775872057.08154,A,1221,1227,1224.0,40,40,6
817,1775872057.083328,A,1221,1227,1224.0,40,40,6
818,1775872057.086169,A,1221,1227,1224.0,40,40,6
819,1775872057.092319,A,1221,1228,1224.5,40,60,7
820,1775872057.0925188,A,1221,1228,1224.5,40,20,7
821,1775872057.0927,A,1221,1228,1224.5,40,1,7
822,1775872057.132174,A,1220,1228,1224.0,60,1,8
823,1775872057.1324952,A,1220,1228,1224.0,20,1,8
824,1775872057.132766,A,1220,1228,1224.0,1,1,8
825,1775872057.1594791,A,1219,1228,1223.5,180,1,9
826,1775872057.160096,A,1219,1228,1223.5,141,1,9
827,1775872057.1606321,A,1219,1228,1223.5,101,1,9
828,1775872057.161128,A,1219,1228,1223.5,100,1,9
829,1775872057.161651,A,1219,1228,1223.5,82,1,9
830,1775872057.208082,A,1219,1229,1224.0,82,80,10
831,1775872057.2107131,A,1219,1229,1224.0,82,40,10
832,1775872057.2112808,A,1219,1230,1224.5,82,100,11
833,1775872057.211808,A,1219,1230,1224.5,82,83,11
834,1775872057.2349539,A,1219,1230,1224.5,82,82,11
835,1775872057.235484,A,1219,1230,1224.5,82,42,11
836,1775872057.2359831,A,1219,1230,1224.5,82,2,11
837,1775872057.236619,A,1219,,,82,,
838,1775872057.260746,A,1219,,,81,,
839,1775872057.272804,A,1219,,,121,,
840,1775872057.2740228,A,1219,1225,1222.0,121,40,6
841,1775872057.274477,A,1219,1225,1222.0,121,40,6
842,1775872057.274646,A,1219,1225,1222.0,121,40,6
843,1775872057.275291,A,1219,1225,1222.0,121,40,6
844,1775872057.2757308,A,1219,1225,1222.0,121,40,6
845,1775872057.278381,A,1219,1225,1222.0,121,40,6
846,1775872057.280415,A,1219,1225,1222.0,121,40,6
847,1775872057.281392,A,1219,1225,1222.0,40,40,6
848,1775872057.310575,A,1218,1225,1221.5,160,40,7
849,1775872057.314646,A,1218,1225,1221.5,120,40,7
850,1775872057.314888,A,1218,1225,1221.5,118,40,7
851,1775872057.3372989,A,1218,1225,1221.5,100,40,7
852,1775872057.3376179,A,1218,1225,1221.5,78,40,7
853,1775872057.337905,A,1218,1225,1221.5,76,40,7
854,1775872057.362782,A,1218,1225,1221.5,75,40,7
855,1775872057.3878138,A,1218,1226,1222.0,75,60,8
856,1775872057.3883939,A,1218,1226,1222.0,75,59,8
857,1775872057.416686,A,1218,1226,1222.0,75,19,8
858,1775872057.417257,A,1218,1226,1222.0,75,17,8
859,1775872057.444065,A,1218,1226,1222.0,75,16,8
860,1775872057.467701,A,1218,1226,1222.0,35,16,8
861,1775872057.468298,A,1218,1226,1222.0,33,16,8
862,1775872057.470027,A,1220,1226,1223.0,40,16,6
863,1775872057.471144,A,1220,1226,1223.0,40,56,6
864,1775872057.473236,A,1220,1226,1223.0,40,56,6
865,1775872057.47414,A,1220,1226,1223.0,40,56,6
866,1775872057.474282,A,1220,1226,1223.0,40,56,6
867,1775872057.4744372,A,1220,1226,1223.0,40,56,6
868,1775872057.4749749,A,1220,1226,1223.0,40,56,6
869,1775872057.47524,A,1220,1226,1223.0,40,56,6
870,1775872057.475866,A,1220,1226,1223.0,40,56,6
871,1775872057.479807,A,1220,1226,1223.0,40,40,6
872,1775872057.480542,A,1220,1226,1223.0,40,40,6
873,1775872057.48116,A,1220,1226,1223.0,40,40,6
874,1775872057.494714,A,1220,1226,1223.0,39,40,6
875,1775872057.518247,A,1220,1226,1223.0,38,40,6
876,1775872057.5457962,A,1220,1226,1223.0,37,40,6
877,1775872057.5995462,A,1220,1226,1223.0,37,39,6
878,1775872057.656249,A,1220,1226,1223.0,36,39,6
879,1775872057.673078,A,1223,1226,1224.5,40,39,3
880,1775872057.675471,A,1223,1226,1224.5,40,39,3
881,1775872057.677492,A,1223,1226,1224.5,40,39,3
882,1775872057.678199,A,1223,1226,1224.5,40,39,3
883,1775872057.6784441,A,1223,1226,1224.5,40,39,3
884,1775872057.6808589,A,1223,1226,1224.5,40,39,3
885,1775872057.683171,A,1223,1226,1224.5,40,39,3
886,1775872057.6856651,A,1223,1226,1224.5,40,39,3
887,1775872057.685914,A,1223,1226,1224.5,40,39,3
888,1775872057.6860821,A,1223,1226,1224.5,40,39,3
889,1775872057.686958,A,1223,1226,1224.5,40,39,3
890,1775872057.6876318,A,1223,1227,1225.0,40,60,4
891,1775872057.687941,A,1223,1227,1225.0,40,60,4
892,1775872057.6884952,A,1223,1228,1225.5,40,80,5
893,1775872057.6886451,A,1223,1228,1225.5,40,80,5
894,1775872057.688959,A,1223,1229,1226.0,40,140,6
895,1775872057.691691,A,1223,1229,1226.0,39,140,6
896,1775872057.705643,A,1223,1229,1226.0,38,140,6
897,1775872057.732417,A,1223,1229,1226.0,38,139,6
898,1775872057.7858932,A,1223,1229,1226.0,37,139,6
899,1775872057.8087192,A,1223,1229,1226.0,35,139,6
900,1775872057.836712,A,1223,1229,1226.0,34,139,6
901,1775872057.862386,A,1223,1229,1226.0,34,138,6
902,1775872057.888574,A,1225,1229,1227.0,40,138,4
903,1775872057.8897438,A,1225,1229,1227.0,40,138,4
904,1775872057.891368,A,1225,1229,1227.0,40,138,4
905,1775872057.891691,A,1225,1229,1227.0,40,138,4
906,1775872057.892818,A,1225,1229,1227.0,40,138,4
907,1775872057.8955698,A,1225,1229,1227.0,40,138,4
908,1775872057.8977191,A,1225,1229,1227.0,40,138,4
909,1775872057.899741,A,1225,1229,1227.0,40,138,4
910,1775872057.899922,A,1225,1229,1227.0,40,138,4
911,1775872057.900641,A,1225,1229,1227.0,40,40,4
912,1775872057.9015749,A,1225,1229,1227.0,40,40,4
913,1775872057.902663,A,1225,1230,1227.5,40,60,5
914,1775872057.9033878,A,1225,1230,1227.5,40,60,5
915,1775872057.9040089,A,1225,1231,1228.0,40,120,6
916,1775872057.904861,A,1225,1231,1228.0,40,120,6
917,1775872057.9064388,A,1225,1231,1228.0,40,40,6
918,1775872057.909733,A,1225,1231,1228.0,40,39,6
919,1775872057.9396842,A,1225,1231,1228.0,38,39,6
920,1775872057.964809,A,1225,1231,1228.0,35,39,6
921,1775872057.991595,A,1225,1231,1228.0,34,39,6
922,1775872058.016129,A,1225,1231,1228.0,34,38,6
923,1775872058.042465,A,1225,1231,1228.0,34,37,6
924,1775872058.071039,A,1225,1231,1228.0,34,37,6
925,1775872058.071305,A,1225,1227,1226.0,34,40,2
926,1775872058.0734599,A,1225,1227,1226.0,34,40,2
927,1775872058.074164,A,1225,1227,1226.0,34,40,2
928,1775872058.074888,A,1225,1227,1226.0,34,40,2
929,1775872058.075165,A,1225,1227,1226.0,34,40,2
930,1775872058.077436,A,1225,1227,1226.0,34,40,2
931,1775872058.077739,A,1225,1227,1226.0,34,40,2
932,1775872058.08113,A,1225,1227,1226.0,34,40,2
933,1775872058.081612,A,1225,1227,1226.0,34,40,2
934,1775872058.081981,A,1224,1227,1225.5,60,40,3
935,1775872058.082112,A,1224,1227,1225.5,60,40,3
936,1775872058.082452,A,1223,1227,1225.0,80,40,4
937,1775872058.0844312,A,1223,1227,1225.0,80,40,4
938,1775872058.08461,A,1222,1227,1224.5,100,40,5
939,1775872058.0849721,A,1222,1227,1224.5,100,40,5
940,1775872058.095273,A,1222,1227,1224.5,99,40,5
941,1775872058.1234019,A,1222,1227,1224.5,98,40,5
942,1775872058.14693,A,1222,1227,1224.5,96,40,5
943,1775872058.173252,A,1222,1227,1224.5,96,39,5
944,1775872058.225398,A,1222,1227,1224.5,94,39,5
945,1775872058.250717,A,1222,1227,1224.5,92,39,5
946,1775872058.273201,A,1222,1227,1224.5,92,39,5
947,1775872058.273377,A,1222,1225,1223.5,92,40,3
948,1775872058.274239,A,1222,1225,1223.5,92,40,3
949,1775872058.275556,A,1222,1225,1223.5,92,40,3
950,1775872058.2757142,A,1222,1225,1223.5,92,40,3
951,1775872058.275917,A,1222,1225,1223.5,92,40,3
952,1775872058.280959,A,1222,1225,1223.5,92,40,3
953,1775872058.281877,A,1222,1225,1223.5,92,40,3
954,1775872058.2835991,A,1221,1225,1223.0,40,40,4
955,1775872058.2839491,A,1221,1225,1223.0,40,40,4
956,1775872058.2851882,A,1220,1225,1222.5,60,40,5
957,1775872058.285797,A,1220,1225,1222.5,60,40,5
958,1775872058.287561,A,1219,1225,1222.0,120,40,6
959,1775872058.288254,A,1219,1225,1222.0,120,40,6
960,1775872058.2897348,A,1219,1225,1222.0,40,40,6
961,1775872058.290333,A,1219,1225,1222.0,40,40,6
962,1775872058.291497,A,1219,1225,1222.0,39,40,6
963,1775872058.330814,A,1219,1225,1222.0,39,39,6
964,1775872058.3829188,A,1219,1225,1222.0,37,39,6
965,1775872058.408625,A,1219,1225,1222.0,34,39,6
966,1775872058.434952,A,1219,1225,1222.0,33,39,6
967,1775872058.460733,A,1219,1225,1222.0,33,38,6
968,1775872058.470717,A,1220,1225,1222.5,40,38,5
969,1775872058.474135,A,1220,1225,1222.5,40,38,5
970,1775872058.4746082,A,1220,1225,1222.5,40,38,5
971,1775872058.476387,A,1220,1225,1222.5,40,38,5
972,1775872058.47649,A,1220,1225,1222.5,40,38,5
973,1775872058.477144,A,1220,1225,1222.5,40,38,5
974,1775872058.477246,A,1220,1225,1222.5,40,38,5
975,1775872058.4777641,A,1220,1225,1222.5,40,38,5
976,1775872058.4787562,A,1220,1225,1222.5,40,38,5
977,1775872058.479661,A,1220,1225,1222.5,40,38,5
978,1775872058.480323,A,1220,1225,1222.5,40,38,5
979,1775872058.48042,A,1220,1226,1223.0,40,100,6
980,1775872058.481639,A,1220,1226,1223.0,40,100,6
981,1775872058.481932,A,1220,1226,1223.0,40,40,6
982,1775872058.482382,A,1220,1226,1223.0,40,40,6
983,1775872058.483105,A,1220,1226,1223.0,40,40,6
984,1775872058.488363,A,1220,1226,1223.0,40,39,6
985,1775872058.510908,A,1220,1226,1223.0,39,39,6
986,1775872058.537639,A,1220,1226,1223.0,37,39,6
987,1775872058.5628428,A,1220,1226,1223.0,35,39,6
988,1775872058.589453,A,1220,1226,1223.0,35,38,6
989,1775872058.642577,A,1220,1226,1223.0,33,38,6
990,1775872058.66724,A,1220,1226,1223.0,30,38,6
991,1775872058.6704671,A,1220,1226,1223.0,70,38,6
992,1775872058.67219,A,1220,1226,1223.0,70,78,6
993,1775872058.673364,A,1220,1226,1223.0,70,78,6
994,1775872058.674687,A,1220,1226,1223.0,70,78,6
995,1775872058.676534,A,1220,1226,1223.0,70,78,6
996,1775872058.677711,A,1220,1226,1223.0,70,78,6
997,1775872058.6786718,A,1220,1226,1223.0,70,78,6
998,1775872058.679392,A,1220,1226,1223.0,70,78,6
999,1775872058.6800141,A,1220,1226,1223.0,70,78,6
1000,1775872058.681016,A,1220,1226,1223.0,70,78,6
1001,1775872058.682047,A,1220,1226,1223.0,40,78,6
1002,1775872058.68239,A,1220,1226,1223.0,40,40,6
1003,1775872058.6825118,A,1220,1226,1223.0,40,40,6
1004,1775872058.6826382,A,1220,1226,1223.0,40,40,6
1005,1775872058.683316,A,1220,1226,1223.0,40,40,6
1006,1775872058.6851351,A,1220,1226,1223.0,40,40,6
1007,1775872058.694039,A,1220,1226,1223.0,40,39,6
1008,1775872058.746015,A,1220,1226,1223.0,38,39,6
1009,1775872058.7715368,A,1220,1226,1223.0,35,39,6
1010,1775872058.796682,A,1220,1226,1223.0,33,39,6
1011,1775872058.823189,A,1220,1226,1223.0,33,38,6
1012,1775872058.850315,A,1220,1226,1223.0,33,36,6
1013,1775872058.870292,A,1220,1226,1223.0,33,36,6
1014,1775872058.870864,A,1220,1224,1222.0,33,40,4
1015,1775872058.871356,A,1220,1224,1222.0,33,40,4
1016,1775872058.871583,A,1220,1224,1222.0,33,40,4
1017,1775872058.872844,A,1220,1224,1222.0,33,40,4
1018,1775872058.8731189,A,1220,1224,1222.0,33,40,4
1019,1775872058.873618,A,1220,1224,1222.0,33,40,4
1020,1775872058.8753438,A,1220,1224,1222.0,33,40,4
1021,1775872058.876041,A,1220,1224,1222.0,33,40,4
1022,1775872058.8764338,A,1220,1224,1222.0,33,40,4
1023,1775872058.8781781,A,1219,1224,1221.5,60,40,5
1024,1775872058.8783119,A,1219,1224,1221.5,60,40,5
1025,1775872058.8795269,A,1218,1224,1221.0,120,40,6
1026,1775872058.880144,A,1218,1224,1221.0,120,40,6
1027,1775872058.880777,A,1218,1224,1221.0,40,40,6
1028,1775872058.88364,A,1218,1224,1221.0,40,40,6
1029,1775872058.902397,A,1218,1224,1221.0,37,40,6
1030,1775872058.928243,A,1218,1224,1221.0,33,40,6
1031,1775872058.953289,A,1218,1224,1221.0,31,40,6
1032,1775872059.0054882,A,1218,1224,1221.0,31,39,6
1033,1775872059.05922,A,1218,1224,1221.0,29,39,6
1034,1775872059.072024,A,1218,1224,1221.0,29,39,6
1035,1775872059.0736399,A,1218,1223,1220.5,29,40,5
1036,1775872059.073944,A,1218,1223,1220.5,29,40,5
1037,1775872059.076659,A,1218,1223,1220.5,29,40,5
1038,1775872059.0784159,A,1218,1223,1220.5,29,40,5
1039,1775872059.0807621,A,1218,1223,1220.5,29,40,5
1040,1775872059.081428,A,1218,1223,1220.5,29,40,5
1041,1775872059.082804,A,1218,1223,1220.5,29,40,5
1042,1775872059.084587,A,1218,1223,1220.5,29,40,5
1043,1775872059.085344,A,1218,1223,1220.5,29,40,5
1044,1775872059.0857742,A,1217,1223,1220.0,100,40,6
1045,1775872059.0867908,A,1217,1223,1220.0,100,40,6
1046,1775872059.087774,A,1217,1223,1220.0,40,40,6
1047,1775872059.0879722,A,1217,1223,1220.0,40,40,6
1048,1775872059.088156,A,1217,1223,1220.0,40,40,6
1049,1775872059.088331,A,1217,1223,1220.0,40,40,6
1050,1775872059.091239,A,1217,1223,1220.0,37,40,6
1051,1775872059.1110349,A,1217,1223,1220.0,37,39,6
1052,1775872059.1633558,A,1217,1223,1220.0,35,39,6
1053,1775872059.1894689,A,1217,1223,1220.0,32,39,6
1054,1775872059.215425,A,1217,1223,1220.0,29,39,6
1055,1775872059.241309,A,1217,1223,1220.0,28,39,6
1056,1775872059.267671,A,1217,1223,1220.0,28,37,6
1057,1775872059.27102,A,1219,1223,1221.0,40,37,4
1058,1775872059.272084,A,1219,1223,1221.0,40,37,4
1059,1775872059.2739258,A,1219,1223,1221.0,40,37,4
1060,1775872059.274883,A,1219,1223,1221.0,40,37,4
1061,1775872059.275054,A,1219,1223,1221.0,40,37,4
1062,1775872059.275237,A,1219,1223,1221.0,40,37,4
1063,1775872059.2765598,A,1219,1223,1221.0,40,37,4
1064,1775872059.277838,A,1219,1223,1221.0,40,37,4
1065,1775872059.2783601,A,1219,1223,1221.0,40,37,4
1066,1775872059.278889,A,1219,1223,1221.0,40,37,4
1067,1775872059.279926,A,1219,1223,1221.0,40,37,4
1068,1775872059.2813492,A,1219,1224,1221.5,40,60,5
1069,1775872059.2814898,A,1219,1224,1221.5,40,60,5
1070,1775872059.283124,A,1219,1225,1222.0,40,120,6
1071,1775872059.283413,A,1219,1225,1222.0,40,120,6
1072,1775872059.284417,A,1219,1225,1222.0,40,40,6
1073,1775872059.3271759,A,1219,1225,1222.0,40,39,6
1074,1775872059.327762,A,1219,1225,1222.0,38,39,6
1075,1775872059.345312,A,1219,1225,1222.0,34,39,6
1076,1775872059.375324,A,1219,1225,1222.0,30,39,6
1077,1775872059.3973172,A,1219,1225,1222.0,29,39,6
1078,1775872059.424122,A,1219,1225,1222.0,29,37,6
1079,1775872059.4501472,A,1219,1225,1222.0,29,36,6
1080,1775872059.471196,A,1220,1225,1222.5,40,36,5
1081,1775872059.473081,A,1220,1218,1219.0,40,133,-2
1082,1775872059.473658,A,1219,1218,1218.5,29,133,-1
1083,1775872059.473839,A,1219,1218,1218.5,29,133,-1
1084,1775872059.474002,A,1217,1218,1217.5,80,133,1
1085,1775872059.4741561,A,1217,1218,1217.5,80,4,1
1086,1775872059.47577,A,1217,1225,1221.0,80,36,8
1087,1775872059.476941,A,1217,1225,1221.0,80,36,8
1088,1775872059.477083,A,1219,1225,1222.0,60,36,6
1089,1775872059.478103,A,1219,1225,1222.0,60,36,6
1090,1775872059.478625,A,1219,1225,1222.0,60,36,6
1091,1775872059.4808881,A,1219,1225,1222.0,60,36,6
1092,1775872059.481588,A,1219,1225,1222.0,60,36,6
1093,1775872059.4823601,A,1219,1225,1222.0,60,36,6
1094,1775872059.4826,A,1219,1225,1222.0,60,36,6
1095,1775872059.483758,A,1219,1225,1222.0,60,36,6
1096,1775872059.486426,A,1219,1226,1222.5,60,100,7
1097,1775872059.487061,A,1219,1226,1222.5,60,40,7
1098,1775872059.488491,A,1219,1226,1222.5,60,40,7
1099,1775872059.489005,A,1219,1226,1222.5,60,40,7
1100,1775872059.492364,A,1219,1226,1222.5,57,40,7
1101,1775872059.500093,A,1219,1226,1222.5,53,40,7
1102,1775872059.545123,A,1219,1226,1222.5,48,40,7
1103,1775872059.580097,A,1219,1226,1222.5,48,36,7
1104,1775872059.607049,A,1219,1226,1222.5,48,33,7
1105,1775872059.631809,A,1219,1226,1222.5,45,33,7
1106,1775872059.657293,A,1219,1226,1222.5,38,33,7
1107,1775872059.672384,A,1219,1226,1222.5,78,33,7
1108,1775872059.6729228,A,1219,1225,1222.0,78,40,6
1109,1775872059.6742458,A,1219,1225,1222.0,78,40,6
1110,1775872059.6756742,A,1219,1225,1222.0,78,40,6
1111,1775872059.676063,A,1219,1225,1222.0,78,40,6
1112,1775872059.6761951,A,1219,1225,1222.0,78,40,6
1113,1775872059.676338,A,1219,1225,1222.0,78,40,6
1114,1775872059.677811,A,1219,1225,1222.0,78,40,6
1115,1775872059.678692,A,1219,1225,1222.0,78,40,6
1116,1775872059.679074,A,1219,1225,1222.0,78,40,6
1117,1775872059.681352,A,1219,1225,1222.0,78,40,6
1118,1775872059.682942,A,1219,1225,1222.0,40,40,6
1119,1775872059.683223,A,1219,1225,1222.0,40,40,6
1120,1775872059.6833248,A,1219,1225,1222.0,40,40,6
1121,1775872059.683619,A,1219,1225,1222.0,40,40,6
1122,1775872059.6905448,A,1219,1225,1222.0,40,39,6
1123,1775872059.736942,A,1219,1225,1222.0,38,39,6
1124,1775872059.763861,A,1219,1225,1222.0,34,39,6
1125,1775872059.794914,A,1219,1225,1222.0,12,39,6
1126,1775872059.816983,A,1218,1225,1221.5,60,39,7
1127,1775872059.817569,A,1218,1225,1221.5,54,39,7
1128,1775872059.848413,A,1218,1225,1221.5,54,35,7
1129,1775872059.867122,A,1218,1225,1221.5,54,17,7
1130,1775872059.873866,A,1219,1225,1222.0,40,17,6
1131,1775872059.874031,A,1219,1225,1222.0,40,57,6
1132,1775872059.874432,A,1219,1225,1222.0,40,57,6
1133,1775872059.8756108,A,1219,1225,1222.0,40,57,6
1134,1775872059.876532,A,1219,1225,1222.0,40,57,6
1135,1775872059.877429,A,1219,1225,1222.0,40,57,6
1136,1775872059.879848,A,1219,1225,1222.0,40,57,6
1137,1775872059.883692,A,1219,1225,1222.0,40,57,6
1138,1775872059.883852,A,1219,1225,1222.0,40,57,6
1139,1775872059.884746,A,1219,1225,1222.0,40,57,6
1140,1775872059.8852549,A,1219,1225,1222.0,40,40,6
1141,1775872059.88584,A,1219,1225,1222.0,40,40,6
1142,1775872059.8871522,A,1219,1225,1222.0,40,40,6
1143,1775872059.888114,A,1219,1225,1222.0,40,40,6
1144,1775872059.888264,A,1219,1225,1222.0,40,40,6
1145,1775872060.073719,A,1220,1225,1222.5,40,40,5
1146,1775872060.076177,A,1220,1225,1222.5,40,40,5
1147,1775872060.077843,A,1220,1225,1222.5,40,40,5
1148,1775872060.078004,A,1220,1225,1222.5,40,40,5
1149,1775872060.078666,A,1220,1225,1222.5,40,40,5
1150,1775872060.079521,A,1220,1225,1222.5,40,40,5
1151,1775872060.0810208,A,1220,1225,1222.5,40,40,5
1152,1775872060.082552,A,1220,1225,1222.5,40,40,5
1153,1775872060.0831091,A,1220,1225,1222.5,40,40,5
1154,1775872060.0841331,A,1220,1225,1222.5,40,40,5
1155,1775872060.084736,A,1220,1225,1222.5,40,40,5
1156,1775872060.084971,A,1220,1226,1223.0,40,100,6
1157,1775872060.085898,A,1220,1226,1223.0,40,100,6
1158,1775872060.086012,A,1220,1226,1223.0,40,40,6
1159,1775872060.086252,A,1220,1226,1223.0,40,40,6
1160,1775872060.088008,A,1220,1226,1223.0,40,40,6
1161,1775872060.278898,A,1220,1226,1223.0,80,40,6
1162,1775872060.279899,A,1220,1226,1223.0,80,80,6
1163,1775872060.28217,A,1220,1226,1223.0,80,80,6
1164,1775872060.282947,A,1220,1226,1223.0,80,80,6
1165,1775872060.283343,A,1220,1226,1223.0,80,80,6
1166,1775872060.2873988,A,1220,1226,1223.0,80,80,6
1167,1775872060.287698,A,1220,1226,1223.0,80,80,6
1168,1775872060.288974,A,1220,1226,1223.0,80,80,6
1169,1775872060.2918248,A,1220,1226,1223.0,80,80,6
1170,1775872060.292907,A,1220,1226,1223.0,80,80,6
1171,1775872060.2934,A,1220,1226,1223.0,40,80,6
1172,1775872060.2940018,A,1220,1226,1223.0,40,40,6
1173,1775872060.295073,A,1220,1226,1223.0,40,40,6
1174,1775872060.2961578,A,1220,1226,1223.0,40,40,6
1175,1775872060.2963421,A,1220,1226,1223.0,40,40,6
1176,1775872060.2974982,A,1220,1226,1223.0,40,40,6
1177,1775872060.469291,A,1220,1226,1223.0,80,40,6
1178,1775872060.474601,A,1220,1226,1223.0,80,80,6
1179,1775872060.4762151,A,1220,1226,1223.0,80,80,6
1180,1775872060.476578,A,1220,1226,1223.0,80,80,6
1181,1775872060.4774919,A,1220,1226,1223.0,80,80,6
1182,1775872060.477899,A,1220,1226,1223.0,80,80,6
1183,1775872060.479098,A,1220,1226,1223.0,80,80,6
1184,1775872060.480928,A,1220,1226,1223.0,80,80,6
1185,1775872060.48192,A,1220,1226,1223.0,80,80,6
1186,1775872060.4825652,A,1220,1226,1223.0,80,80,6
1187,1775872060.482805,A,1220,1226,1223.0,40,80,6
1188,1775872060.483861,A,1220,1226,1223.0,40,40,6
1189,1775872060.484021,A,1220,1226,1223.0,40,40,6
1190,1775872060.484559,A,1220,1226,1223.0,40,40,6
1191,1775872060.48561,A,1220,1226,1223.0,40,40,6
1192,1775872060.488099,A,1220,1226,1223.0,40,40,6
1193,1775872060.672987,A,1222,1226,1224.0,40,40,4
1194,1775872060.673483,A,1222,1226,1224.0,40,40,4
1195,1775872060.674603,A,1222,1226,1224.0,40,40,4
1196,1775872060.67541,A,1222,1226,1224.0,40,40,4
1197,1775872060.676492,A,1222,1226,1224.0,40,40,4
1198,1775872060.676877,A,1222,1226,1224.0,40,40,4
1199,1775872060.67824,A,1222,1226,1224.0,40,40,4
1200,1775872060.67997,A,1222,1226,1224.0,40,40,4
1201,1775872060.683915,A,1222,1226,1224.0,40,40,4
1202,1775872060.6840708,A,1222,1226,1224.0,40,40,4
1203,1775872060.684366,A,1222,1226,1224.0,40,40,4
1204,1775872060.6846652,A,1222,1227,1224.5,40,60,5
1205,1775872060.684958,A,1222,1227,1224.5,40,60,5
1206,1775872060.685397,A,1222,1228,1225.0,40,120,6
1207,1775872060.6856918,A,1222,1228,1225.0,40,120,6
1208,1775872060.686126,A,1222,1228,1225.0,40,40,6
1209,1775872060.97375,A,1222,1228,1225.0,40,40,6
1210,1775872060.977091,A,1222,1225,1223.5,40,40,3
1211,1775872060.979817,A,1222,1225,1223.5,40,40,3
1212,1775872060.9803479,A,1222,1225,1223.5,40,40,3
1213,1775872060.9813461,A,1222,1225,1223.5,40,40,3
1214,1775872060.981678,A,1222,1225,1223.5,40,40,3
1215,1775872060.982425,A,1222,1225,1223.5,40,40,3
1216,1775872060.982955,A,1222,1225,1223.5,40,40,3
1217,1775872060.9832718,A,1222,1225,1223.5,40,40,3
1218,1775872060.985176,A,1222,1225,1223.5,40,40,3
1219,1775872060.985574,A,1221,1225,1223.0,60,40,4
1220,1775872060.985684,A,1221,1225,1223.0,60,40,4
1221,1775872060.985991,A,1220,1225,1222.5,80,40,5
1222,1775872060.9868128,A,1220,1225,1222.5,80,40,5
1223,1775872060.988548,A,1219,1225,1222.0,140,40,6
1224,1775872060.98908,A,1219,1225,1222.0,140,40,6
1225,1775872061.076925,A,1220,1225,1222.5,40,40,5
1226,1775872061.077186,A,1220,1225,1222.5,40,40,5
1227,1775872061.077402,A,1220,1225,1222.5,40,40,5
1228,1775872061.0775979,A,1220,1225,1222.5,40,40,5
1229,1775872061.077738,A,1220,1225,1222.5,40,40,5
1230,1775872061.078209,A,1220,1225,1222.5,40,40,5
1231,1775872061.080182,A,1220,1225,1222.5,40,40,5
1232,1775872061.080624,A,1220,1225,1222.5,40,40,5
1233,1775872061.080723,A,1220,1225,1222.5,40,40,5
1234,1775872061.080828,A,1220,1225,1222.5,40,40,5
1235,1775872061.081017,A,1220,1225,1222.5,40,40,5
1236,1775872061.081109,A,1220,1226,1223.0,40,100,6
1237,1775872061.081701,A,1220,1226,1223.0,40,100,6
1238,1775872061.081965,A,1220,1226,1223.0,40,40,6
1239,1775872061.0832262,A,1220,1226,1223.0,40,40,6
1240,1775872061.0840478,A,1220,1226,1223.0,40,40,6
1241,1775872061.298522,A,1222,1226,1224.0,40,40,4
1242,1775872061.299003,A,1222,1226,1224.0,40,40,4
1243,1775872061.300035,A,1222,1226,1224.0,40,40,4
1244,1775872061.3005,A,1222,1226,1224.0,40,40,4
1245,1775872061.3013802,A,1222,1226,1224.0,40,40,4
1246,1775872061.302377,A,1222,1226,1224.0,40,40,4
1247,1775872061.303093,A,1222,1226,1224.0,40,40,4
1248,1775872061.30561,A,1222,1226,1224.0,40,40,4
1249,1775872061.306289,A,1222,1226,1224.0,40,40,4
1250,1775872061.3087192,A,1222,1226,1224.0,40,40,4
1251,1775872061.309463,A,1222,1226,1224.0,40,40,4
1252,1775872061.312045,A,1222,1227,1224.5,40,60,5
1253,1775872061.3121338,A,1222,1227,1224.5,40,60,5
1254,1775872061.3145652,A,1222,1228,1225.0,40,120,6
1255,1775872061.315874,A,1222,1228,1225.0,40,120,6
1256,1775872061.316372,A,1222,1228,1225.0,40,40,6
1257,1775872061.6163661,A,1223,1228,1225.5,40,40,5
1258,1775872061.619759,A,1223,1228,1225.5,40,40,5
1259,1775872061.6204998,A,1223,1228,1225.5,40,40,5
1260,1775872061.62274,A,1223,1228,1225.5,40,40,5
1261,1775872061.623083,A,1223,1228,1225.5,40,40,5
1262,1775872061.623421,A,1223,1228,1225.5,40,40,5
1263,1775872061.627132,A,1223,1228,1225.5,40,40,5
1264,1775872061.6284091,A,1223,1228,1225.5,40,40,5
1265,1775872061.628526,A,1223,1228,1225.5,40,40,5
1266,1775872061.630774,A,1223,1228,1225.5,40,40,5
1267,1775872061.630871,A,1223,1228,1225.5,40,40,5
1268,1775872061.631725,A,1223,1229,1226.0,40,100,6
1269,1775872061.631884,A,1223,1229,1226.0,40,100,6
1270,1775872061.6324868,A,1223,1229,1226.0,40,40,6
1271,1775872061.632722,A,1223,1229,1226.0,40,40,6
1272,1775872061.6336331,A,1223,1229,1226.0,40,40,6
1273,1775872061.671062,A,1224,1229,1226.5,40,40,5
1274,1775872061.6723351,A,1224,1229,1226.5,40,40,5
1275,1775872061.674418,A,1224,1229,1226.5,40,40,5
1276,1775872061.675254,A,1224,1229,1226.5,40,40,5
1277,1775872061.67536,A,1224,1229,1226.5,40,40,5
1278,1775872061.675818,A,1224,1229,1226.5,40,40,5
1279,1775872061.67612,A,1224,1229,1226.5,40,40,5
1280,1775872061.6765592,A,1224,1229,1226.5,40,40,5
1281,1775872061.678379,A,1224,1229,1226.5,40,40,5
1282,1775872061.6788201,A,1224,1229,1226.5,40,40,5
1283,1775872061.679754,A,1224,1229,1226.5,40,40,5
1284,1775872061.67985,A,1224,1230,1227.0,40,100,6
1285,1775872061.68013,A,1224,1230,1227.0,40,100,6
1286,1775872061.6802251,A,1224,1230,1227.0,40,40,6
1287,1775872061.680734,A,1224,1230,1227.0,40,40,6
1288,1775872061.680809,A,1224,1230,1227.0,40,40,6
1289,1775872061.8128388,A,1224,1223,1223.5,40,28,-1
1290,1775872061.812947,A,1224,1223,1223.5,12,28,-1
1291,1775872061.813003,A,1224,1230,1227.0,12,40,6
1292,1775872061.872055,A,1228,1230,1229.0,40,40,2
1293,1775872061.872214,A,1228,1230,1229.0,40,40,2
1294,1775872061.8724108,A,1228,1230,1229.0,40,40,2
1295,1775872061.872874,A,1228,1230,1229.0,40,40,2
1296,1775872061.873027,A,1228,1230,1229.0,40,40,2
1297,1775872061.873266,A,1228,1230,1229.0,40,40,2
1298,1775872061.873418,A,1228,1230,1229.0,40,40,2
1299,1775872061.873963,A,1228,1230,1229.0,40,40,2
1300,1775872061.874465,A,1228,1230,1229.0,40,40,2
1301,1775872061.8745449,A,1228,1230,1229.0,40,40,2
1302,1775872061.8747652,A,1228,1230,1229.0,40,40,2
1303,1775872061.875487,A,1228,1231,1229.5,40,60,3
1304,1775872061.875561,A,1228,1231,1229.5,40,60,3
1305,1775872061.8757398,A,1228,1232,1230.0,40,80,4
1306,1775872061.87578,A,1228,1232,1230.0,40,80,4
1307,1775872061.875995,A,1228,1233,1230.5,40,100,5
1308,1775872062.071439,A,1228,1233,1230.5,80,100,5
1309,1775872062.0715442,A,1228,1233,1230.5,80,100,5
1310,1775872062.072096,A,1228,1233,1230.5,80,100,5
1311,1775872062.072614,A,1228,1233,1230.5,80,100,5
1312,1775872062.073131,A,1228,1233,1230.5,80,100,5
1313,1775872062.0739899,A,1228,1233,1230.5,80,100,5
1314,1775872062.0741491,A,1228,1233,1230.5,80,100,5
1315,1775872062.074452,A,1228,1233,1230.5,80,100,5
1316,1775872062.074975,A,1228,1233,1230.5,80,100,5
1317,1775872062.0751412,A,1228,1234,1231.0,80,80,6
1318,1775872062.075388,A,1228,1234,1231.0,40,80,6
1319,1775872062.075604,A,1228,1234,1231.0,40,40,6
1320,1775872062.075875,A,1228,1234,1231.0,40,40,6
1321,1775872062.075964,A,1228,1234,1231.0,40,40,6
1322,1775872062.0760472,A,1228,1234,1231.0,40,40,6
1323,1775872062.07683,A,1228,1234,1231.0,40,40,6
1324,1775872062.2709188,A,1228,1234,1231.0,40,40,6
1325,1775872062.272678,A,1228,1233,1230.5,40,40,5
1326,1775872062.2738812,A,1228,1233,1230.5,40,40,5
1327,1775872062.2752361,A,1228,1233,1230.5,40,40,5
1328,1775872062.2753851,A,1228,1233,1230.5,40,40,5
1329,1775872062.2756648,A,1228,1233,1230.5,40,40,5
1330,1775872062.280493,A,1228,1233,1230.5,40,40,5
1331,1775872062.280818,A,1228,1233,1230.5,40,40,5
1332,1775872062.281148,A,1228,1233,1230.5,40,40,5
1333,1775872062.2825642,A,1228,1233,1230.5,40,40,5
1334,1775872062.283721,A,1227,1233,1230.0,100,40,6
1335,1775872062.28383,A,1227,1233,1230.0,100,40,6
1336,1775872062.28503,A,1227,1233,1230.0,40,40,6
1337,1775872062.2851992,A,1227,1233,1230.0,40,40,6
1338,1775872062.28668,A,1227,1233,1230.0,40,40,6
1339,1775872062.290237,A,1227,1233,1230.0,40,40,6
1340,1775872062.4794571,A,1228,1233,1230.5,40,40,5
1341,1775872062.4803991,A,1228,1233,1230.5,40,40,5
1342,1775872062.4813771,A,1228,1233,1230.5,40,40,5
1343,1775872062.4818718,A,1228,1233,1230.5,40,40,5
1344,1775872062.485055,A,1228,1233,1230.5,40,40,5
1345,1775872062.4868522,A,1228,1233,1230.5,40,40,5
1346,1775872062.4885151,A,1228,1233,1230.5,40,40,5
1347,1775872062.4891908,A,1228,1233,1230.5,40,40,5
1348,1775872062.490478,A,1228,1233,1230.5,40,40,5
1349,1775872062.4905841,A,1228,1233,1230.5,40,40,5
1350,1775872062.49087,A,1228,1233,1230.5,40,40,5
1351,1775872062.4910688,A,1228,1234,1231.0,40,100,6
1352,1775872062.492327,A,1228,1234,1231.0,40,100,6
1353,1775872062.492772,A,1228,1234,1231.0,40,40,6
1354,1775872062.493034,A,1228,1234,1231.0,40,40,6
1355,1775872062.493624,A,1228,1234,1231.0,40,40,6
1356,1775872062.677902,A,1229,1234,1231.5,40,40,5
1357,1775872062.6781352,A,1229,1234,1231.5,40,40,5
1358,1775872062.678314,A,1229,1234,1231.5,40,40,5
1359,1775872062.678473,A,1229,1234,1231.5,40,40,5
1360,1775872062.6791449,A,1229,1234,1231.5,40,40,5
1361,1775872062.681257,A,1229,1234,1231.5,40,40,5
1362,1775872062.68151,A,1229,1234,1231.5,40,40,5
1363,1775872062.68238,A,1229,1234,1231.5,40,40,5
1364,1775872062.683965,A,1229,1234,1231.5,40,40,5
1365,1775872062.684172,A,1229,1234,1231.5,40,40,5
1366,1775872062.684971,A,1229,1234,1231.5,40,40,5
1367,1775872062.686849,A,1229,1235,1232.0,40,100,6
1368,1775872062.687664,A,1229,1235,1232.0,40,100,6
1369,1775872062.6901739,A,1229,1235,1232.0,40,40,6
1370,1775872062.690688,A,1229,1235,1232.0,40,40,6
1371,1775872062.692158,A,1229,1235,1232.0,40,40,6
1372,1775872062.872809,A,1229,1235,1232.0,80,40,6
1373,1775872062.8736598,A,1229,1235,1232.0,80,80,6
1374,1775872062.8778481,A,1229,1235,1232.0,80,80,6
1375,1775872062.879296,A,1229,1235,1232.0,80,80,6
1376,1775872062.879898,A,1229,1235,1232.0,80,80,6
1377,1775872062.880686,A,1229,1235,1232.0,80,80,6
1378,1775872062.8842182,A,1229,1235,1232.0,80,80,6
1379,1775872062.886455,A,1229,1235,1232.0,80,80,6
1380,1775872062.887053,A,1229,1235,1232.0,80,80,6
1381,1775872062.888753,A,1229,1235,1232.0,80,80,6
1382,1775872062.889029,A,1229,1235,1232.0,40,80,6
1383,1775872062.8894532,A,1229,1235,1232.0,40,40,6
1384,1775872062.889715,A,1229,1235,1232.0,40,40,6
1385,1775872062.891558,A,1229,1235,1232.0,40,40,6
1386,1775872062.8916962,A,1229,1235,1232.0,40,40,6
1387,1775872062.892969,A,1229,1235,1232.0,40,40,6
1388,1775872063.072662,A,1229,1235,1232.0,40,40,6
1389,1775872063.0748632,A,1229,1232,1230.5,40,40,3
1390,1775872063.079514,A,1229,1232,1230.5,40,40,3
1391,1775872063.082732,A,1229,1232,1230.5,40,40,3
1392,1775872063.083698,A,1229,1232,1230.5,40,40,3
1393,1775872063.0856938,A,1229,1232,1230.5,40,40,3
1394,1775872063.086824,A,1229,1232,1230.5,40,40,3
1395,1775872063.087358,A,1229,1232,1230.5,40,40,3
1396,1775872063.087501,A,1229,1232,1230.5,40,40,3
1397,1775872063.089924,A,1229,1232,1230.5,40,40,3
1398,1775872063.090194,A,1228,1232,1230.0,60,40,4
1399,1775872063.091455,A,1228,1232,1230.0,60,40,4
1400,1775872063.0920541,A,1227,1232,1229.5,80,40,5
1401,1775872063.092664,A,1227,1232,1229.5,80,40,5
1402,1775872063.093069,A,1226,1232,1229.0,140,40,6
1403,1775872063.0940108,A,1226,1232,1229.0,140,40,6
1404,1775872063.2718651,A,1226,1232,1229.0,180,40,6
1405,1775872063.273477,A,1226,1232,1229.0,180,80,6
1406,1775872063.27491,A,1226,1232,1229.0,180,80,6
1407,1775872063.275581,A,1226,1232,1229.0,180,80,6
1408,1775872063.277499,A,1226,1232,1229.0,180,80,6
1409,1775872063.2800262,A,1226,1232,1229.0,180,80,6
1410,1775872063.2801669,A,1226,1232,1229.0,180,80,6
1411,1775872063.2803352,A,1226,1232,1229.0,180,80,6
1412,1775872063.280697,A,1226,1232,1229.0,80,80,6
1413,1775872063.280907,A,1226,1232,1229.0,80,80,6
1414,1775872063.2810218,A,1226,1232,1229.0,40,80,6
1415,1775872063.281234,A,1226,1232,1229.0,40,40,6
1416,1775872063.281536,A,1226,1232,1229.0,40,40,6
1417,1775872063.2816541,A,1226,1232,1229.0,40,40,6
1418,1775872063.281968,A,1226,1232,1229.0,40,40,6
1419,1775872063.282531,A,1226,1232,1229.0,40,40,6
1420,1775872063.4684858,A,1227,1232,1229.5,40,40,5
1421,1775872063.470828,A,1227,1232,1229.5,40,40,5
1422,1775872063.471256,A,1227,1232,1229.5,40,40,5
1423,1775872063.4715478,A,1227,1232,1229.5,40,40,5
1424,1775872063.472376,A,1227,1232,1229.5,40,40,5
1425,1775872063.472896,A,1227,1232,1229.5,40,40,5
1426,1775872063.473469,A,1227,1232,1229.5,40,40,5
1427,1775872063.473672,A,1227,1232,1229.5,40,40,5
1428,1775872063.474581,A,1227,1232,1229.5,40,40,5
1429,1775872063.474784,A,1227,1232,1229.5,40,40,5
1430,1775872063.475633,A,1227,1232,1229.5,40,40,5
1431,1775872063.4762182,A,1227,1233,1230.0,40,100,6
1432,1775872063.4767349,A,1227,1233,1230.0,40,100,6
1433,1775872063.476929,A,1227,1233,1230.0,40,40,6
1434,1775872063.477324,A,1227,1233,1230.0,40,40,6
1435,1775872063.477788,A,1227,1233,1230.0,40,40,6
1436,1775872063.672607,A,1227,1233,1230.0,40,40,6
1437,1775872063.674161,A,1227,1229,1228.0,40,40,2
1438,1775872063.674429,A,1227,1229,1228.0,40,40,2
1439,1775872063.674776,A,1227,1229,1228.0,40,40,2
1440,1775872063.6762948,A,1227,1229,1228.0,40,40,2
1441,1775872063.678145,A,1227,1229,1228.0,40,40,2
1442,1775872063.679626,A,1227,1229,1228.0,40,40,2
1443,1775872063.6808472,A,1227,1229,1228.0,40,40,2
1444,1775872063.681386,A,1227,1229,1228.0,40,40,2
1445,1775872063.6830232,A,1227,1229,1228.0,40,40,2
1446,1775872063.685076,A,1226,1229,1227.5,60,40,3
1447,1775872063.6865752,A,1226,1229,1227.5,60,40,3
1448,1775872063.687861,A,1225,1229,1227.0,80,40,4
1449,1775872063.688095,A,1225,1229,1227.0,80,40,4
1450,1775872063.689007,A,1224,1229,1226.5,100,40,5
1451,1775872063.6892312,A,1224,1229,1226.5,100,40,5
1452,1775872063.87292,A,1227,1229,1228.0,40,40,2
1453,1775872063.8747468,A,1227,1229,1228.0,40,40,2
1454,1775872063.875235,A,1227,1229,1228.0,40,40,2
1455,1775872063.876425,A,1227,1229,1228.0,40,40,2
1456,1775872063.878602,A,1227,1229,1228.0,40,40,2
1457,1775872063.8810508,A,1227,1229,1228.0,40,40,2
1458,1775872063.8829372,A,1227,1229,1228.0,40,40,2
1459,1775872063.884207,A,1227,1229,1228.0,40,40,2
1460,1775872063.885644,A,1227,1229,1228.0,40,40,2
1461,1775872063.886105,A,1227,1229,1228.0,40,40,2
1462,1775872063.887112,A,1227,1229,1228.0,40,40,2
1463,1775872063.887948,A,1227,1230,1228.5,40,60,3
1464,1775872063.888607,A,1227,1230,1228.5,40,60,3
1465,1775872063.8887832,A,1227,1231,1229.0,40,80,4
1466,1775872063.889455,A,1227,1231,1229.0,40,80,4
1467,1775872063.8896298,A,1227,1232,1229.5,40,100,5
1468,1775872064.07361,A,1229,1232,1230.5,40,100,3
1469,1775872064.079187,A,1229,1232,1230.5,40,100,3
1470,1775872064.0794702,A,1229,1232,1230.5,40,100,3
1471,1775872064.08177,A,1229,1232,1230.5,40,100,3
1472,1775872064.084267,A,1229,1232,1230.5,40,100,3
1473,1775872064.084378,A,1229,1232,1230.5,40,100,3
1474,1775872064.084779,A,1229,1232,1230.5,40,100,3
1475,1775872064.0858319,A,1229,1232,1230.5,40,100,3
1476,1775872064.0879009,A,1229,1232,1230.5,40,100,3
1477,1775872064.088175,A,1229,1233,1231.0,40,40,4
1478,1775872064.088434,A,1229,1233,1231.0,40,40,4
1479,1775872064.088851,A,1229,1234,1231.5,40,60,5
1480,1775872064.089757,A,1229,1234,1231.5,40,60,5
1481,1775872064.08994,A,1229,1235,1232.0,40,120,6
1482,1775872064.090519,A,1229,1235,1232.0,40,120,6
1483,1775872064.091019,A,1229,1235,1232.0,40,40,6
1484,1775872064.272618,A,1229,1235,1232.0,80,40,6
1485,1775872064.275629,A,1229,1235,1232.0,80,80,6
1486,1775872064.27674,A,1229,1235,1232.0,80,80,6
1487,1775872064.278181,A,1229,1235,1232.0,80,80,6
1488,1775872064.2784462,A,1229,1235,1232.0,80,80,6
1489,1775872064.27862,A,1229,1235,1232.0,80,80,6
1490,1775872064.27971,A,1229,1235,1232.0,80,80,6
1491,1775872064.279868,A,1229,1235,1232.0,80,80,6
1492,1775872064.2809532,A,1229,1235,1232.0,80,80,6
1493,1775872064.2813509,A,1229,1235,1232.0,80,80,6
1494,1775872064.2837849,A,1229,1235,1232.0,40,80,6
1495,1775872064.283995,A,1229,1235,1232.0,40,40,6
1496,1775872064.284191,A,1229,1235,1232.0,40,40,6
1497,1775872064.2843661,A,1229,1235,1232.0,40,40,6
1498,1775872064.286505,A,1229,1235,1232.0,40,40,6
1499,1775872064.2865868,A,1229,1235,1232.0,40,40,6
1500,1775872064.47322,A,1229,1235,1232.0,80,40,6
1501,1775872064.473552,A,1229,1235,1232.0,80,80,6
1502,1775872064.474429,A,1229,1235,1232.0,80,80,6
1503,1775872064.477194,A,1229,1235,1232.0,80,80,6
1504,1775872064.477331,A,1229,1235,1232.0,80,80,6
1505,1775872064.478987,A,1229,1235,1232.0,80,80,6
1506,1775872064.481825,A,1229,1235,1232.0,80,80,6
1507,1775872064.4821818,A,1229,1235,1232.0,80,80,6
1508,1775872064.4823549,A,1229,1235,1232.0,80,80,6
1509,1775872064.48371,A,1229,1235,1232.0,80,80,6
1510,1775872064.484521,A,1229,1235,1232.0,40,80,6
1511,1775872064.4860318,A,1229,1235,1232.0,40,40,6
1512,1775872064.486645,A,1229,1235,1232.0,40,40,6
1513,1775872064.486872,A,1229,1235,1232.0,40,40,6
1514,1775872064.487537,A,1229,1235,1232.0,40,40,6
1515,1775872064.488679,A,1229,1235,1232.0,40,40,6
1516,1775872064.672313,A,1232,1235,1233.5,40,40,3
1517,1775872064.673087,A,1232,1235,1233.5,40,40,3
1518,1775872064.674865,A,1232,1235,1233.5,40,40,3
1519,1775872064.677203,A,1232,1235,1233.5,40,40,3
1520,1775872064.678284,A,1232,1235,1233.5,40,40,3
1521,1775872064.6788092,A,1232,1235,1233.5,40,40,3
1522,1775872064.678991,A,1232,1235,1233.5,40,40,3
1523,1775872064.6809978,A,1232,1235,1233.5,40,40,3
1524,1775872064.682604,A,1232,1235,1233.5,40,40,3
1525,1775872064.684066,A,1232,1235,1233.5,40,40,3
1526,1775872064.684799,A,1232,1235,1233.5,40,40,3
1527,1775872064.6849651,A,1232,1236,1234.0,40,60,4
1528,1775872064.685251,A,1232,1236,1234.0,40,60,4
1529,1775872064.685938,A,1232,1237,1234.5,40,80,5
1530,1775872064.68682,A,1232,1237,1234.5,40,80,5
1531,1775872064.687982,A,1232,1238,1235.0,40,140,6
1532,1775872064.872114,A,1235,1238,1236.5,40,140,3
1533,1775872064.875555,A,1235,1238,1236.5,40,140,3
1534,1775872064.875732,A,1235,1238,1236.5,40,140,3
1535,1775872064.8761559,A,1235,1238,1236.5,40,140,3
1536,1775872064.877059,A,1235,1238,1236.5,40,140,3
1537,1775872064.877596,A,1235,1238,1236.5,40,140,3
1538,1775872064.879267,A,1235,1238,1236.5,40,140,3
1539,1775872064.881396,A,1235,1238,1236.5,40,140,3
1540,1775872064.8823948,A,1235,1238,1236.5,40,140,3
1541,1775872064.882653,A,1235,1238,1236.5,40,40,3
1542,1775872064.8833568,A,1235,1238,1236.5,40,40,3
1543,1775872064.885056,A,1235,1239,1237.0,40,60,4
1544,1775872064.885801,A,1235,1239,1237.0,40,60,4
1545,1775872064.887035,A,1235,1240,1237.5,40,80,5
1546,1775872064.8884249,A,1235,1240,1237.5,40,80,5
1547,1775872064.888541,A,1235,1241,1238.0,40,140,6
1548,1775872065.0767791,A,1235,1241,1238.0,40,140,6
1549,1775872065.081325,A,1235,1238,1236.5,40,40,3
1550,1775872065.081812,A,1235,1238,1236.5,40,40,3
1551,1775872065.084407,A,1235,1238,1236.5,40,40,3
1552,1775872065.084758,A,1235,1238,1236.5,40,40,3
1553,1775872065.085063,A,1235,1238,1236.5,40,40,3
1554,1775872065.0853581,A,1235,1238,1236.5,40,40,3
1555,1775872065.085536,A,1235,1238,1236.5,40,40,3
1556,1775872065.085709,A,1235,1238,1236.5,40,40,3
1557,1775872065.085858,A,1235,1238,1236.5,40,40,3
1558,1775872065.08656,A,1234,1238,1236.0,60,40,4
1559,1775872065.087363,A,1234,1238,1236.0,60,40,4
1560,1775872065.087562,A,1233,1238,1235.5,80,40,5
1561,1775872065.0885491,A,1233,1238,1235.5,80,40,5
1562,1775872065.08898,A,1232,1238,1235.0,140,40,6
1563,1775872065.089483,A,1232,1238,1235.0,140,40,6
1564,1775872065.273122,A,1232,1238,1235.0,180,40,6
1565,1775872065.274249,A,1232,1238,1235.0,180,80,6
1566,1775872065.2753742,A,1232,1238,1235.0,180,80,6
1567,1775872065.27735,A,1232,1238,1235.0,180,80,6
1568,1775872065.279847,A,1232,1238,1235.0,180,80,6
1569,1775872065.280385,A,1232,1238,1235.0,180,80,6
1570,1775872065.281548,A,1232,1238,1235.0,180,80,6
1571,1775872065.2817888,A,1232,1238,1235.0,180,80,6
1572,1775872065.283062,A,1232,1238,1235.0,80,80,6
1573,1775872065.283177,A,1232,1238,1235.0,80,80,6
1574,1775872065.284058,A,1232,1238,1235.0,40,80,6
1575,1775872065.284161,A,1232,1238,1235.0,40,40,6
1576,1775872065.284348,A,1232,1238,1235.0,40,40,6
1577,1775872065.2850518,A,1232,1238,1235.0,40,40,6
1578,1775872065.285161,A,1232,1238,1235.0,40,40,6
1579,1775872065.2883132,A,1232,1238,1235.0,40,40,6
1580,1775872065.4793012,A,1233,1238,1235.5,40,40,5
1581,1775872065.479917,A,1233,1238,1235.5,40,40,5
1582,1775872065.482414,A,1233,1238,1235.5,40,40,5
1583,1775872065.483297,A,1233,1238,1235.5,40,40,5
1584,1775872065.4838028,A,1233,1238,1235.5,40,40,5
1585,1775872065.4851918,A,1233,1238,1235.5,40,40,5
1586,1775872065.4853692,A,1233,1238,1235.5,40,40,5
1587,1775872065.486668,A,1233,1238,1235.5,40,40,5
1588,1775872065.487972,A,1233,1238,1235.5,40,40,5
1589,1775872065.489564,A,1233,1238,1235.5,40,40,5
1590,1775872065.490734,A,1233,1238,1235.5,40,40,5
1591,1775872065.491353,A,1233,1239,1236.0,40,100,6
1592,1775872065.4922261,A,1233,1239,1236.0,40,100,6
1593,1775872065.492325,A,1233,1239,1236.0,40,40,6
1594,1775872065.4930859,A,1233,1239,1236.0,40,40,6
1595,1775872065.494646,A,1233,1239,1236.0,40,40,6
1596,1775872065.670548,A,1233,1239,1236.0,40,40,6
1597,1775872065.6711628,A,1233,1235,1234.0,40,40,2
1598,1775872065.671746,A,1233,1235,1234.0,40,40,2
1599,1775872065.673103,A,1233,1235,1234.0,40,40,2
1600,1775872065.676998,A,1233,1235,1234.0,40,40,2
1601,1775872065.678376,A,1233,1235,1234.0,40,40,2
1602,1775872065.68044,A,1233,1235,1234.0,40,40,2
1603,1775872065.680537,A,1233,1235,1234.0,40,40,2
1604,1775872065.681021,A,1233,1235,1234.0,40,40,2
1605,1775872065.681633,A,1233,1235,1234.0,40,40,2
1606,1775872065.681931,A,1232,1235,1233.5,60,40,3
1607,1775872065.682111,A,1232,1235,1233.5,60,40,3
1608,1775872065.682286,A,1231,1235,1233.0,80,40,4
1609,1775872065.682378,A,1231,1235,1233.0,80,40,4
1610,1775872065.6827252,A,1230,1235,1232.5,100,40,5
1611,1775872065.682997,A,1230,1235,1232.5,100,40,5
1612,1775872065.87429,A,1230,1235,1232.5,100,40,5
1613,1775872065.878083,A,1230,1235,1232.5,100,80,5
1614,1775872065.878848,A,1230,1235,1232.5,100,80,5
1615,1775872065.879436,A,1230,1235,1232.5,100,80,5
1616,1775872065.881448,A,1230,1235,1232.5,100,80,5
1617,1775872065.88321,A,1230,1235,1232.5,100,80,5
1618,1775872065.884178,A,1230,1235,1232.5,100,80,5
1619,1775872065.885516,A,1230,1235,1232.5,100,80,5
1620,1775872065.886579,A,1229,1235,1232.0,80,80,6
1621,1775872065.8880792,A,1229,1235,1232.0,80,80,6
1622,1775872065.888818,A,1229,1235,1232.0,40,80,6
1623,1775872065.8896,A,1229,1235,1232.0,40,40,6
1624,1775872065.88978,A,1229,1235,1232.0,40,40,6
1625,1775872065.891051,A,1229,1235,1232.0,40,40,6
1626,1775872065.8927941,A,1229,1235,1232.0,40,40,6
1627,1775872065.893213,A,1229,1235,1232.0,40,40,6
1628,1775872066.127924,A,1233,1235,1234.0,40,40,2
1629,1775872066.12884,A,1233,1235,1234.0,40,40,2
1630,1775872066.1312199,A,1241,1235,1238.0,133,40,-6
1631,1775872066.131768,A,1233,1235,1234.0,40,40,2
1632,1775872066.1319208,A,1233,1236,1234.5,40,60,3
1633,1775872066.132094,A,1233,1237,1235.0,40,80,4
1634,1775872066.1322591,A,1233,1237,1235.0,40,47,4
1635,1775872066.133215,A,1233,1237,1235.0,40,47,4
1636,1775872066.134309,A,1233,1237,1235.0,40,47,4
1637,1775872066.134725,A,1233,1237,1235.0,40,47,4
1638,1775872066.134839,A,1233,1237,1235.0,40,47,4
1639,1775872066.1351511,A,1233,1237,1235.0,40,47,4
1640,1775872066.136116,A,1233,1237,1235.0,40,47,4
1641,1775872066.136348,A,1233,1237,1235.0,40,47,4
1642,1775872066.13668,A,1233,1237,1235.0,40,47,4
1643,1775872066.137312,A,1233,1237,1235.0,40,47,4
1644,1775872066.1394079,A,1233,1237,1235.0,40,47,4
1645,1775872066.140112,A,1233,1237,1235.0,40,47,4
1646,1775872066.141918,A,1233,1238,1235.5,40,100,5
1647,1775872066.270797,A,1233,1238,1235.5,40,100,5
1648,1775872066.2735639,A,1233,1238,1235.5,40,140,5
1649,1775872066.278649,A,1233,1238,1235.5,40,140,5
1650,1775872066.279933,A,1233,1238,1235.5,40,140,5
1651,1775872066.281334,A,1233,1238,1235.5,40,140,5
1652,1775872066.2814798,A,1233,1238,1235.5,40,140,5
1653,1775872066.283604,A,1233,1238,1235.5,40,140,5
1654,1775872066.2837389,A,1233,1238,1235.5,40,140,5
1655,1775872066.2877219,A,1233,1238,1235.5,40,140,5
1656,1775872066.288724,A,1233,1238,1235.5,40,40,5
1657,1775872066.2888389,A,1232,1238,1235.0,100,40,6
1658,1775872066.289633,A,1232,1238,1235.0,100,40,6
1659,1775872066.290078,A,1232,1238,1235.0,40,40,6
1660,1775872066.290174,A,1232,1238,1235.0,40,40,6
1661,1775872066.290275,A,1232,1238,1235.0,40,40,6
1662,1775872066.290696,A,1232,1238,1235.0,40,40,6
1663,1775872066.472617,A,1236,1238,1237.0,40,40,2
1664,1775872066.474182,A,1236,1238,1237.0,40,40,2
1665,1775872066.475304,A,1236,1238,1237.0,40,40,2
1666,1775872066.478077,A,1236,1238,1237.0,40,40,2
1667,1775872066.4784188,A,1236,1238,1237.0,40,40,2
1668,1775872066.478854,A,1236,1238,1237.0,40,40,2
1669,1775872066.479417,A,1236,1238,1237.0,40,40,2
1670,1775872066.479564,A,1236,1238,1237.0,40,40,2
1671,1775872066.479977,A,1236,1238,1237.0,40,40,2
1672,1775872066.4818718,A,1236,1238,1237.0,40,40,2
1673,1775872066.482649,A,1236,1238,1237.0,40,40,2
1674,1775872066.483205,A,1236,1239,1237.5,40,60,3
1675,1775872066.483306,A,1236,1239,1237.5,40,60,3
1676,1775872066.483405,A,1236,1240,1238.0,40,80,4
1677,1775872066.48461,A,1236,1240,1238.0,40,80,4
1678,1775872066.48612,A,1236,1241,1238.5,40,100,5
1679,1775872066.669076,A,1236,1241,1238.5,80,100,5
1680,1775872066.671734,A,1236,1241,1238.5,80,100,5
1681,1775872066.675574,A,1236,1241,1238.5,80,100,5
1682,1775872066.675788,A,1236,1241,1238.5,80,100,5
1683,1775872066.675974,A,1236,1241,1238.5,80,100,5
1684,1775872066.676287,A,1236,1241,1238.5,80,100,5
1685,1775872066.676645,A,1236,1241,1238.5,80,100,5
1686,1775872066.676805,A,1236,1241,1238.5,80,100,5
1687,1775872066.676948,A,1236,1241,1238.5,80,100,5
1688,1775872066.677094,A,1236,1242,1239.0,80,80,6
1689,1775872066.6772459,A,1236,1242,1239.0,40,80,6
1690,1775872066.677391,A,1236,1242,1239.0,40,40,6
1691,1775872066.67753,A,1236,1242,1239.0,40,40,6
1692,1775872066.677661,A,1236,1242,1239.0,40,40,6
1693,1775872066.6777852,A,1236,1242,1239.0,40,40,6
1694,1775872066.6779048,A,1236,1242,1239.0,40,40,6
1695,1775872066.874254,A,1236,1242,1239.0,40,40,6
1696,1775872066.877438,A,1236,1241,1238.5,40,40,5
1697,1775872066.878339,A,1236,1241,1238.5,40,40,5
1698,1775872066.879806,A,1236,1241,1238.5,40,40,5
1699,1775872066.882051,A,1236,1241,1238.5,40,40,5
1700,1775872066.882715,A,1236,1241,1238.5,40,40,5
1701,1775872066.883221,A,1236,1241,1238.5,40,40,5
1702,1775872066.883884,A,1236,1241,1238.5,40,40,5
1703,1775872066.884384,A,1236,1241,1238.5,40,40,5
1704,1775872066.8848379,A,1236,1241,1238.5,40,40,5
1705,1775872066.886942,A,1235,1241,1238.0,100,40,6
1706,1775872066.88833,A,1235,1241,1238.0,100,40,6
1707,1775872066.888608,A,1235,1241,1238.0,40,40,6
1708,1775872066.888705,A,1235,1241,1238.0,40,40,6
1709,1775872066.889299,A,1235,1241,1238.0,40,40,6
1710,1775872066.889397,A,1235,1241,1238.0,40,40,6
1711,1775872067.072363,A,1235,1241,1238.0,40,40,6
1712,1775872067.0755992,A,1235,1239,1237.0,40,40,4
1713,1775872067.0764742,A,1235,1239,1237.0,40,40,4
1714,1775872067.079092,A,1235,1239,1237.0,40,40,4
1715,1775872067.080489,A,1235,1239,1237.0,40,40,4
1716,1775872067.08246,A,1235,1239,1237.0,40,40,4
1717,1775872067.082788,A,1235,1239,1237.0,40,40,4
1718,1775872067.082918,A,1235,1239,1237.0,40,40,4
1719,1775872067.083044,A,1235,1239,1237.0,40,40,4
1720,1775872067.084071,A,1235,1239,1237.0,40,40,4
1721,1775872067.0860422,A,1234,1239,1236.5,60,40,5
1722,1775872067.087154,A,1234,1239,1236.5,60,40,5
1723,1775872067.088622,A,1233,1239,1236.0,120,40,6
1724,1775872067.089565,A,1233,1239,1236.0,120,40,6
1725,1775872067.0900722,A,1233,1239,1236.0,40,40,6
1726,1775872067.0912142,A,1233,1239,1236.0,40,40,6
1727,1775872067.273379,A,1233,1239,1236.0,40,40,6
1728,1775872067.275615,A,1233,1236,1234.5,40,40,3
1729,1775872067.27745,A,1233,1236,1234.5,40,40,3
1730,1775872067.277853,A,1233,1236,1234.5,40,40,3
1731,1775872067.278002,A,1233,1236,1234.5,40,40,3
1732,1775872067.2791748,A,1233,1236,1234.5,40,40,3
1733,1775872067.2798212,A,1233,1236,1234.5,40,40,3
1734,1775872067.2802088,A,1233,1236,1234.5,40,40,3
1735,1775872067.28159,A,1233,1236,1234.5,40,40,3
1736,1775872067.283037,A,1233,1236,1234.5,40,40,3
1737,1775872067.283911,A,1232,1236,1234.0,60,40,4
1738,1775872067.2845252,A,1232,1236,1234.0,60,40,4
1739,1775872067.2854989,A,1231,1236,1233.5,80,40,5
1740,1775872067.285768,A,1231,1236,1233.5,80,40,5
1741,1775872067.2872808,A,1230,1236,1233.0,140,40,6
1742,1775872067.2875898,A,1230,1236,1233.0,140,40,6
1743,1775872067.473213,A,1230,1236,1233.0,140,40,6
1744,1775872067.473829,A,1230,1234,1232.0,140,40,4
1745,1775872067.474425,A,1230,1234,1232.0,140,40,4
1746,1775872067.478063,A,1230,1234,1232.0,140,40,4
1747,1775872067.47849,A,1230,1234,1232.0,140,40,4
1748,1775872067.482091,A,1230,1234,1232.0,140,40,4
1749,1775872067.4831161,A,1230,1234,1232.0,140,40,4
1750,1775872067.483596,A,1230,1234,1232.0,140,40,4
1751,1775872067.483716,A,1230,1234,1232.0,40,40,4
1752,1775872067.48541,A,1230,1234,1232.0,40,40,4
1753,1775872067.485644,A,1229,1234,1231.5,60,40,5
1754,1775872067.486495,A,1229,1234,1231.5,60,40,5
1755,1775872067.4872582,A,1228,1234,1231.0,120,40,6
1756,1775872067.4874408,A,1228,1234,1231.0,120,40,6
1757,1775872067.4880629,A,1228,1234,1231.0,40,40,6
1758,1775872067.488151,A,1228,1234,1231.0,40,40,6
1759,1775872067.6731331,A,1228,1234,1231.0,80,40,6
1760,1775872067.6735702,A,1228,1234,1231.0,80,80,6
1761,1775872067.674714,A,1228,1234,1231.0,80,80,6
1762,1775872067.67754,A,1228,1234,1231.0,80,80,6
1763,1775872067.678821,A,1228,1234,1231.0,80,80,6
1764,1775872067.679233,A,1228,1234,1231.0,80,80,6
1765,1775872067.679511,A,1228,1234,1231.0,80,80,6
1766,1775872067.681144,A,1228,1234,1231.0,80,80,6
1767,1775872067.682534,A,1228,1234,1231.0,80,80,6
1768,1775872067.683329,A,1228,1234,1231.0,80,80,6
1769,1775872067.684318,A,1228,1234,1231.0,40,80,6
1770,1775872067.686251,A,1228,1234,1231.0,40,40,6
1771,1775872067.689229,A,1228,1234,1231.0,40,40,6
1772,1775872067.689536,A,1228,1234,1231.0,40,40,6
1773,1775872067.689632,A,1228,1234,1231.0,40,40,6
1774,1775872067.689913,A,1228,1234,1231.0,40,40,6
1775,1775872067.869269,A,1230,1234,1232.0,40,40,4
1776,1775872067.869677,A,1230,1234,1232.0,40,40,4
1777,1775872067.870346,A,1230,1234,1232.0,40,40,4
1778,1775872067.873599,A,1230,1234,1232.0,40,40,4
1779,1775872067.878239,A,1230,1234,1232.0,40,40,4
1780,1775872067.878541,A,1230,1234,1232.0,40,40,4
1781,1775872067.8794491,A,1230,1234,1232.0,40,40,4
1782,1775872067.879906,A,1230,1234,1232.0,40,40,4
1783,1775872067.881323,A,1230,1234,1232.0,40,40,4
1784,1775872067.881443,A,1230,1234,1232.0,40,40,4
1785,1775872067.881563,A,1230,1234,1232.0,40,40,4
1786,1775872067.8820941,A,1230,1235,1232.5,40,60,5
1787,1775872067.882525,A,1230,1235,1232.5,40,60,5
1788,1775872067.883199,A,1230,1236,1233.0,40,120,6
1789,1775872067.8846211,A,1230,1236,1233.0,40,120,6
1790,1775872067.8852239,A,1230,1236,1233.0,40,40,6
1791,1775872068.071929,A,1231,1236,1233.5,40,40,5
1792,1775872068.0752661,A,1231,1236,1233.5,40,40,5
1793,1775872068.076309,A,1231,1236,1233.5,40,40,5
1794,1775872068.076619,A,1231,1236,1233.5,40,40,5
1795,1775872068.077541,A,1231,1236,1233.5,40,40,5
1796,1775872068.078975,A,1231,1236,1233.5,40,40,5
1797,1775872068.080471,A,1231,1236,1233.5,40,40,5
1798,1775872068.0806122,A,1231,1236,1233.5,40,40,5
1799,1775872068.081511,A,1231,1236,1233.5,40,40,5
1800,1775872068.085521,A,1231,1236,1233.5,40,40,5
1801,1775872068.086464,A,1231,1236,1233.5,40,40,5
1802,1775872068.0866618,A,1231,1237,1234.0,40,100,6
1803,1775872068.086761,A,1231,1237,1234.0,40,100,6
1804,1775872068.08833,A,1231,1237,1234.0,40,40,6
1805,1775872068.089191,A,1231,1237,1234.0,40,40,6
1806,1775872068.08958,A,1231,1237,1234.0,40,40,6
1807,1775872068.2732,A,1232,1237,1234.5,40,40,5
1808,1775872068.274179,A,1232,1237,1234.5,40,40,5
1809,1775872068.274709,A,1232,1237,1234.5,40,40,5
1810,1775872068.27873,A,1232,1237,1234.5,40,40,5
1811,1775872068.27936,A,1232,1237,1234.5,40,40,5
1812,1775872068.279667,A,1232,1237,1234.5,40,40,5
1813,1775872068.281019,A,1232,1237,1234.5,40,40,5
1814,1775872068.281418,A,1232,1237,1234.5,40,40,5
1815,1775872068.282562,A,1232,1237,1234.5,40,40,5
1816,1775872068.282662,A,1232,1237,1234.5,40,40,5
1817,1775872068.283089,A,1232,1237,1234.5,40,40,5
1818,1775872068.283263,A,1232,1238,1235.0,40,100,6
1819,1775872068.283356,A,1232,1238,1235.0,40,100,6
1820,1775872068.283479,A,1232,1238,1235.0,40,40,6
1821,1775872068.287554,A,1232,1238,1235.0,40,40,6
1822,1775872068.288739,A,1232,1238,1235.0,40,40,6
1823,1775872068.472427,A,1232,1238,1235.0,40,40,6
1824,1775872068.473197,A,1232,1234,1233.0,40,40,2
1825,1775872068.478425,A,1232,1234,1233.0,40,40,2
1826,1775872068.478883,A,1232,1234,1233.0,40,40,2
1827,1775872068.480533,A,1232,1234,1233.0,40,40,2
1828,1775872068.48216,A,1232,1234,1233.0,40,40,2
1829,1775872068.483787,A,1232,1234,1233.0,40,40,2
1830,1775872068.485064,A,1232,1234,1233.0,40,40,2
1831,1775872068.485876,A,1232,1234,1233.0,40,40,2
1832,1775872068.488849,A,1232,1234,1233.0,40,40,2
1833,1775872068.489153,A,1231,1234,1232.5,60,40,3
1834,1775872068.490262,A,1231,1234,1232.5,60,40,3
1835,1775872068.490705,A,1230,1234,1232.0,80,40,4
1836,1775872068.490976,A,1230,1234,1232.0,80,40,4
1837,1775872068.492469,A,1229,1234,1231.5,100,40,5
1838,1775872068.4926238,A,1229,1234,1231.5,100,40,5
1839,1775872068.6725912,A,1229,1234,1231.5,140,40,5
1840,1775872068.675984,A,1229,1234,1231.5,140,40,5
1841,1775872068.676625,A,1229,1234,1231.5,140,40,5
1842,1775872068.679161,A,1229,1234,1231.5,140,40,5
1843,1775872068.6797209,A,1229,1234,1231.5,140,40,5
1844,1775872068.6805918,A,1229,1234,1231.5,140,40,5
1845,1775872068.681232,A,1229,1234,1231.5,140,40,5
1846,1775872068.681875,A,1229,1234,1231.5,140,40,5
1847,1775872068.682004,A,1229,1234,1231.5,40,40,5
1848,1775872068.68224,A,1229,1234,1231.5,40,40,5
1849,1775872068.682357,A,1229,1234,1231.5,40,40,5
1850,1775872068.684093,A,1229,1235,1232.0,40,100,6
1851,1775872068.6848981,A,1229,1235,1232.0,40,100,6
1852,1775872068.6875331,A,1229,1235,1232.0,40,40,6
1853,1775872068.687853,A,1229,1235,1232.0,40,40,6
1854,1775872068.688868,A,1229,1235,1232.0,40,40,6
1855,1775872068.8711019,A,1229,1235,1232.0,40,40,6
1856,1775872068.872064,A,1229,1234,1231.5,40,40,5
1857,1775872068.87401,A,1229,1234,1231.5,40,40,5
1858,1775872068.875393,A,1229,1234,1231.5,40,40,5
1859,1775872068.875803,A,1229,1234,1231.5,40,40,5
1860,1775872068.8779461,A,1229,1234,1231.5,40,40,5
1861,1775872068.8783412,A,1229,1234,1231.5,40,40,5
1862,1775872068.878452,A,1229,1234,1231.5,40,40,5
1863,1775872068.8786528,A,1229,1234,1231.5,40,40,5
1864,1775872068.8789802,A,1229,1234,1231.5,40,40,5
1865,1775872068.879385,A,1228,1234,1231.0,100,40,6
1866,1775872068.880131,A,1228,1234,1231.0,100,40,6
1867,1775872068.882261,A,1228,1234,1231.0,40,40,6
1868,1775872068.882792,A,1228,1234,1231.0,40,40,6
1869,1775872068.8829482,A,1228,1234,1231.0,40,40,6
1870,1775872068.8835142,A,1228,1234,1231.0,40,40,6
1871,1775872069.073525,A,1229,1234,1231.5,40,40,5
1872,1775872069.076313,A,1229,1234,1231.5,40,40,5
1873,1775872069.077824,A,1229,1234,1231.5,40,40,5
1874,1775872069.081296,A,1229,1234,1231.5,40,40,5
1875,1775872069.082108,A,1229,1234,1231.5,40,40,5
1876,1775872069.0827122,A,1229,1234,1231.5,40,40,5
1877,1775872069.0836842,A,1229,1234,1231.5,40,40,5
1878,1775872069.084983,A,1229,1234,1231.5,40,40,5
1879,1775872069.0862432,A,1229,1234,1231.5,40,40,5
1880,1775872069.086424,A,1229,1234,1231.5,40,40,5
1881,1775872069.086771,A,1229,1234,1231.5,40,40,5
1882,1775872069.087542,A,1229,1235,1232.0,40,100,6
1883,1775872069.0876968,A,1229,1235,1232.0,40,100,6
1884,1775872069.087852,A,1229,1235,1232.0,40,40,6
1885,1775872069.088095,A,1229,1235,1232.0,40,40,6
1886,1775872069.088406,A,1229,1235,1232.0,40,40,6
1887,1775872069.2779672,A,1229,1235,1232.0,40,40,6
1888,1775872069.280082,A,1229,1234,1231.5,40,40,5
1889,1775872069.281198,A,1229,1234,1231.5,40,40,5
1890,1775872069.285707,A,1229,1234,1231.5,40,40,5
1891,1775872069.286249,A,1229,1234,1231.5,40,40,5
1892,1775872069.286464,A,1229,1234,1231.5,40,40,5
1893,1775872069.287873,A,1229,1234,1231.5,40,40,5
1894,1775872069.2905018,A,1229,1234,1231.5,40,40,5
1895,1775872069.2907531,A,1229,1234,1231.5,40,40,5
1896,1775872069.291272,A,1229,1234,1231.5,40,40,5
1897,1775872069.291371,A,1228,1234,1231.0,100,40,6
1898,1775872069.2919831,A,1228,1234,1231.0,100,40,6
1899,1775872069.292185,A,1228,1234,1231.0,40,40,6
1900,1775872069.292369,A,1228,1234,1231.0,40,40,6
1901,1775872069.292968,A,1228,1234,1231.0,40,40,6
1902,1775872069.2932281,A,1228,1234,1231.0,40,40,6
1903,1775872069.470913,A,1228,1234,1231.0,80,40,6
1904,1775872069.4730382,A,1228,1234,1231.0,80,80,6
1905,1775872069.473343,A,1228,1234,1231.0,80,80,6
1906,1775872069.473747,A,1228,1234,1231.0,80,80,6
1907,1775872069.4741461,A,1228,1234,1231.0,80,80,6
1908,1775872069.474945,A,1228,1234,1231.0,80,80,6
1909,1775872069.476403,A,1228,1234,1231.0,80,80,6
1910,1775872069.477348,A,1228,1234,1231.0,80,80,6
1911,1775872069.4780538,A,1228,1234,1231.0,80,80,6
1912,1775872069.4806342,A,1228,1234,1231.0,80,80,6
1913,1775872069.480949,A,1228,1234,1231.0,40,80,6
1914,1775872069.481368,A,1228,1234,1231.0,40,40,6
1915,1775872069.482103,A,1228,1234,1231.0,40,40,6
1916,1775872069.483008,A,1228,1234,1231.0,40,40,6
1917,1775872069.483645,A,1228,1234,1231.0,40,40,6
1918,1775872069.483892,A,1228,1234,1231.0,40,40,6
1919,1775872069.672229,A,1228,1234,1231.0,40,40,6
1920,1775872069.6728451,A,1228,1232,1230.0,40,40,4
1921,1775872069.673017,A,1228,1232,1230.0,40,40,4
1922,1775872069.6734421,A,1228,1232,1230.0,40,40,4
1923,1775872069.6737669,A,1228,1232,1230.0,40,40,4
1924,1775872069.6764748,A,1228,1232,1230.0,40,40,4
1925,1775872069.679264,A,1228,1232,1230.0,40,40,4
1926,1775872069.679462,A,1228,1232,1230.0,40,40,4
1927,1775872069.679672,A,1228,1232,1230.0,40,40,4
1928,1775872069.681275,A,1228,1232,1230.0,40,40,4
1929,1775872069.682705,A,1227,1232,1229.5,60,40,5
1930,1775872069.683152,A,1227,1232,1229.5,60,40,5
1931,1775872069.6833138,A,1226,1232,1229.0,120,40,6
1932,1775872069.684289,A,1226,1232,1229.0,120,40,6
1933,1775872069.684673,A,1226,1232,1229.0,40,40,6
1934,1775872069.685187,A,1226,1232,1229.0,40,40,6
1935,1775872069.8766458,A,1226,1232,1229.0,80,40,6
1936,1775872069.8769841,A,1226,1232,1229.0,80,80,6
1937,1775872069.87805,A,1226,1232,1229.0,80,80,6
1938,1775872069.880631,A,1226,1232,1229.0,80,80,6
1939,1775872069.882826,A,1226,1232,1229.0,80,80,6
1940,1775872069.884126,A,1226,1232,1229.0,80,80,6
1941,1775872069.892073,A,1226,1232,1229.0,80,80,6
1942,1775872069.8927932,A,1226,1232,1229.0,80,80,6
1943,1775872069.895277,A,1226,1232,1229.0,80,80,6
1944,1775872069.895916,A,1226,1232,1229.0,80,80,6
1945,1775872069.896636,A,1226,1232,1229.0,40,80,6
1946,1775872069.897077,A,1226,1232,1229.0,40,40,6
1947,1775872069.897814,A,1226,1232,1229.0,40,40,6
1948,1775872069.89808,A,1226,1232,1229.0,40,40,6
1949,1775872069.898459,A,1226,1232,1229.0,40,40,6
1950,1775872069.899124,A,1226,1232,1229.0,40,40,6
1951,1775872070.070803,A,1228,1232,1230.0,40,40,4
1952,1775872070.071583,A,1228,1232,1230.0,40,40,4
1953,1775872070.073101,A,1228,1232,1230.0,40,40,4
1954,1775872070.073937,A,1228,1232,1230.0,40,40,4
1955,1775872070.076867,A,1228,1232,1230.0,40,40,4
1956,1775872070.07735,A,1228,1232,1230.0,40,40,4
1957,1775872070.078772,A,1228,1232,1230.0,40,40,4
1958,1775872070.080553,A,1228,1232,1230.0,40,40,4
1959,1775872070.0806808,A,1228,1232,1230.0,40,40,4
1960,1775872070.0809238,A,1228,1232,1230.0,40,40,4
1961,1775872070.0814779,A,1228,1232,1230.0,40,40,4
1962,1775872070.082162,A,1228,1233,1230.5,40,60,5
1963,1775872070.083791,A,1228,1233,1230.5,40,60,5
1964,1775872070.0908248,A,1228,1234,1231.0,40,120,6
1965,1775872070.0915258,A,1228,1234,1231.0,40,120,6
1966,1775872070.092161,A,1228,1234,1231.0,40,40,6
1967,1775872070.2700539,A,1229,1234,1231.5,40,40,5
