tick_num,wall_time_s,symbol,best_bid,best_ask,mid,bid_size,ask_size,spread
1,1775872957.1865878,A,1181,1189,1185.0,40,40,8
2,1775872957.3095522,A,1182,1189,1185.5,40,40,7
3,1775872957.3127239,A,1182,1189,1185.5,40,40,7
4,1775872957.313866,A,1182,1189,1185.5,40,40,7
5,1775872957.3145,A,1182,1189,1185.5,40,40,7
6,1775872957.315178,A,1182,1189,1185.5,40,40,7
7,1775872957.316244,A,1182,1189,1185.5,40,40,7
8,1775872957.320162,A,1182,1189,1185.5,40,40,7
9,1775872957.3214731,A,1182,1189,1185.5,40,40,7
10,1775872957.321811,A,1182,1189,1185.5,40,40,7
11,1775872957.324051,A,1182,1189,1185.5,40,40,7
12,1775872957.326088,A,1182,1189,1185.5,40,40,7
13,1775872957.326676,A,1182,1190,1186.0,40,100,8
14,1775872957.3270059,A,1182,1190,1186.0,40,100,8
15,1775872957.327158,A,1182,1190,1186.0,40,40,8
16,1775872957.327392,A,1182,1190,1186.0,40,40,8
17,1775872957.3278358,A,1182,1190,1186.0,40,40,8
18,1775872957.508403,A,1182,1190,1186.0,40,40,8
19,1775872957.5096178,A,1182,1189,1185.5,40,40,7
20,1775872957.510506,A,1182,1189,1185.5,40,40,7
21,1775872957.5123641,A,1182,1189,1185.5,40,40,7
22,1775872957.514463,A,1182,1189,1185.5,40,40,7
23,1775872957.516053,A,1182,1189,1185.5,40,40,7
24,1775872957.518602,A,1182,1189,1185.5,40,40,7
25,1775872957.518799,A,1182,1189,1185.5,40,40,7
26,1775872957.518922,A,1182,1189,1185.5,40,40,7
27,1775872957.519042,A,1182,1189,1185.5,40,40,7
28,1775872957.519147,A,1181,1189,1185.0,100,40,8
29,1775872957.520067,A,1181,1189,1185.0,100,40,8
30,1775872957.520166,A,1181,1189,1185.0,40,40,8
31,1775872957.5202718,A,1181,1189,1185.0,40,40,8
32,1775872957.521058,A,1181,1189,1185.0,40,40,8
33,1775872957.521734,A,1181,1189,1185.0,40,40,8
34,1775872957.70602,A,1181,1189,1185.0,40,40,8
35,1775872957.707318,A,1181,1187,1184.0,40,40,6
36,1775872957.708014,A,1181,1187,1184.0,40,40,6
37,1775872957.7086651,A,1181,1187,1184.0,40,40,6
38,1775872957.708883,A,1181,1187,1184.0,40,40,6
39,1775872957.709833,A,1181,1187,1184.0,40,40,6
40,1775872957.710829,A,1181,1187,1184.0,40,40,6
41,1775872957.7113442,A,1181,1187,1184.0,40,40,6
42,1775872957.711862,A,1181,1187,1184.0,40,40,6
43,1775872957.712241,A,1181,1187,1184.0,40,40,6
44,1775872957.7132149,A,1180,1187,1183.5,60,40,7
45,1775872957.714068,A,1180,1187,1183.5,60,40,7
46,1775872957.714446,A,1179,1187,1183.0,120,40,8
47,1775872957.715845,A,1179,1187,1183.0,120,40,8
48,1775872957.7167628,A,1179,1187,1183.0,40,40,8
49,1775872957.717251,A,1179,1187,1183.0,40,40,8
50,1775872957.914697,A,1180,1187,1183.5,40,40,7
51,1775872957.914903,A,1180,1187,1183.5,40,40,7
52,1775872957.915009,A,1180,1187,1183.5,40,40,7
53,1775872957.9151092,A,1180,1187,1183.5,40,40,7
54,1775872957.91521,A,1180,1187,1183.5,40,40,7
55,1775872957.915458,A,1180,1187,1183.5,40,40,7
56,1775872957.915642,A,1180,1187,1183.5,40,40,7
57,1775872957.9159548,A,1180,1187,1183.5,40,40,7
58,1775872957.916119,A,1180,1187,1183.5,40,40,7
59,1775872957.91644,A,1180,1187,1183.5,40,40,7
60,1775872957.916683,A,1180,1187,1183.5,40,40,7
61,1775872957.9168682,A,1180,1188,1184.0,40,100,8
62,1775872957.91693,A,1180,1188,1184.0,40,100,8
63,1775872957.916994,A,1180,1188,1184.0,40,40,8
64,1775872957.917119,A,1180,1188,1184.0,40,40,8
65,1775872957.9171898,A,1180,1188,1184.0,40,40,8
66,1775872958.1058292,A,1181,1188,1184.5,40,40,7
67,1775872958.106265,A,1181,1188,1184.5,40,40,7
68,1775872958.107956,A,1181,1188,1184.5,40,40,7
69,1775872958.108563,A,1181,1188,1184.5,40,40,7
70,1775872958.109523,A,1181,1188,1184.5,40,40,7
71,1775872958.112022,A,1181,1188,1184.5,40,40,7
72,1775872958.1130612,A,1181,1188,1184.5,40,40,7
73,1775872958.113879,A,1181,1188,1184.5,40,40,7
74,1775872958.115639,A,1181,1188,1184.5,40,40,7
75,1775872958.1184251,A,1181,1188,1184.5,40,40,7
76,1775872958.1196501,A,1181,1188,1184.5,40,40,7
77,1775872958.119748,A,1181,1189,1185.0,40,100,8
78,1775872958.1200168,A,1181,1189,1185.0,40,100,8
79,1775872958.12018,A,1181,1189,1185.0,40,40,8
80,1775872958.120668,A,1181,1189,1185.0,40,40,8
81,1775872958.1209102,A,1181,1189,1185.0,40,40,8
82,1775872958.194936,A,1182,1189,1185.5,10,40,7
83,1775872958.199645,A,1182,1186,1184.0,10,10,4
84,1775872958.20033,A,1188,1186,1187.0,5,10,-2
85,1775872958.20098,A,1182,1186,1184.0,10,10,4
86,1775872958.20133,A,1182,1186,1184.0,10,5,4
87,1775872958.336483,A,1181,1186,1183.5,40,5,5
88,1775872958.336649,A,1181,1189,1185.0,40,40,8
89,1775872958.336777,A,1183,1189,1186.0,10,40,6
90,1775872958.33921,A,1184,1189,1186.5,40,40,5
91,1775872958.340331,A,1184,1189,1186.5,40,40,5
92,1775872958.34108,A,1184,1189,1186.5,40,40,5
93,1775872958.341676,A,1184,1189,1186.5,40,40,5
94,1775872958.342556,A,1184,1189,1186.5,40,40,5
95,1775872958.342887,A,1184,1189,1186.5,40,40,5
96,1775872958.3432279,A,1184,1189,1186.5,40,40,5
97,1775872958.343394,A,1184,1189,1186.5,40,40,5
98,1775872958.343563,A,1184,1189,1186.5,40,40,5
99,1775872958.343915,A,1184,1189,1186.5,40,40,5
100,1775872958.34632,A,1184,1189,1186.5,40,40,5
101,1775872958.34707,A,1184,1190,1187.0,40,60,6
102,1775872958.3472378,A,1184,1190,1187.0,40,60,6
103,1775872958.3473332,A,1184,1191,1187.5,40,80,7
104,1775872958.3474839,A,1184,1191,1187.5,40,80,7
105,1775872958.34758,A,1184,1192,1188.0,40,140,8
106,1775872958.3518238,A,1184,1187,1185.5,40,10,3
107,1775872958.351954,A,1186,1187,1186.5,5,10,1
108,1775872958.5104902,A,1186,1187,1186.5,5,10,1
109,1775872958.512022,A,1186,1187,1186.5,5,10,1
110,1775872958.513925,A,1186,1187,1186.5,5,10,1
111,1775872958.5154839,A,1186,1187,1186.5,5,10,1
112,1775872958.51646,A,1186,1187,1186.5,5,10,1
113,1775872958.517031,A,1186,1187,1186.5,5,10,1
114,1775872958.517465,A,1186,1187,1186.5,5,10,1
115,1775872958.518903,A,1186,1187,1186.5,5,10,1
116,1775872958.5191839,A,1186,1187,1186.5,5,10,1
117,1775872958.519287,A,1186,1187,1186.5,5,10,1
118,1775872958.519561,A,1186,1187,1186.5,5,10,1
119,1775872958.520019,A,1186,1187,1186.5,5,10,1
120,1775872958.520305,A,1186,1187,1186.5,5,10,1
121,1775872958.520494,A,1186,1187,1186.5,5,10,1
122,1775872958.520685,A,1186,1187,1186.5,5,10,1
123,1775872958.5217862,A,1186,1187,1186.5,5,10,1
124,1775872958.705726,A,1186,1187,1186.5,5,10,1
125,1775872958.707063,A,1186,1187,1186.5,5,10,1
126,1775872958.7089841,A,1186,1187,1186.5,5,10,1
127,1775872958.711918,A,1186,1187,1186.5,5,10,1
128,1775872958.712472,A,1186,1187,1186.5,5,10,1
129,1775872958.714251,A,1186,1187,1186.5,5,10,1
130,1775872958.715088,A,1186,1187,1186.5,5,10,1
131,1775872958.71617,A,1186,1187,1186.5,5,10,1
132,1775872958.716961,A,1186,1187,1186.5,5,10,1
133,1775872958.7184262,A,1186,1187,1186.5,5,10,1
134,1775872958.719682,A,1186,1187,1186.5,5,10,1
135,1775872958.7208571,A,1186,1187,1186.5,5,10,1
136,1775872958.722073,A,1186,1187,1186.5,5,10,1
137,1775872958.7222788,A,1186,1187,1186.5,5,10,1
138,1775872958.72248,A,1186,1187,1186.5,5,10,1
139,1775872958.722676,A,1186,1187,1186.5,5,10,1
140,1775872958.905748,A,1186,1187,1186.5,5,10,1
141,1775872958.9066691,A,1186,1187,1186.5,5,10,1
142,1775872958.910749,A,1186,1187,1186.5,5,10,1
143,1775872958.910953,A,1186,1187,1186.5,5,10,1
144,1775872958.911066,A,1186,1187,1186.5,5,10,1
145,1775872958.9111638,A,1186,1187,1186.5,5,10,1
146,1775872958.911245,A,1186,1187,1186.5,5,10,1
147,1775872958.911326,A,1186,1187,1186.5,5,10,1
148,1775872958.911405,A,1186,1187,1186.5,5,10,1
149,1775872958.911484,A,1186,1187,1186.5,5,10,1
150,1775872958.911581,A,1186,1187,1186.5,5,10,1
151,1775872958.911683,A,1186,1187,1186.5,5,10,1
152,1775872958.911832,A,1186,1187,1186.5,5,10,1
153,1775872958.911919,A,1186,1187,1186.5,5,10,1
154,1775872958.912002,A,1186,1187,1186.5,5,10,1
155,1775872958.912087,A,1186,1187,1186.5,5,10,1
156,1775872959.105442,A,1186,1187,1186.5,5,10,1
157,1775872959.112344,A,1186,1187,1186.5,5,10,1
158,1775872959.112519,A,1186,1187,1186.5,5,10,1
159,1775872959.11276,A,1186,1187,1186.5,5,10,1
160,1775872959.1156921,A,1186,1187,1186.5,5,10,1
161,1775872959.116304,A,1186,1187,1186.5,5,10,1
162,1775872959.1165812,A,1186,1187,1186.5,5,10,1
163,1775872959.116867,A,1186,1187,1186.5,5,10,1
164,1775872959.1169631,A,1186,1187,1186.5,5,10,1
165,1775872959.117228,A,1186,1187,1186.5,5,10,1
166,1775872959.1175208,A,1186,1187,1186.5,5,10,1
167,1775872959.117573,A,1186,1187,1186.5,5,10,1
168,1775872959.11763,A,1186,1187,1186.5,5,10,1
169,1775872959.117866,A,1186,1187,1186.5,5,10,1
170,1775872959.117923,A,1186,1187,1186.5,5,10,1
171,1775872959.117978,A,1186,1187,1186.5,5,10,1
172,1775872959.3076742,A,1186,1187,1186.5,5,10,1
173,1775872959.3078341,A,1186,1187,1186.5,5,10,1
174,1775872959.308706,A,1186,1187,1186.5,5,10,1
175,1775872959.309669,A,1186,1187,1186.5,5,10,1
176,1775872959.310105,A,1186,1187,1186.5,5,10,1
177,1775872959.310435,A,1186,1187,1186.5,5,10,1
178,1775872959.3113449,A,1186,1187,1186.5,5,10,1
179,1775872959.311408,A,1186,1187,1186.5,5,10,1
180,1775872959.311856,A,1186,1187,1186.5,5,10,1
181,1775872959.312145,A,1186,1187,1186.5,5,10,1
182,1775872959.3125372,A,1186,1187,1186.5,5,10,1
183,1775872959.312714,A,1186,1187,1186.5,5,10,1
184,1775872959.312949,A,1186,1187,1186.5,5,10,1
185,1775872959.31345,A,1186,1187,1186.5,5,10,1
186,1775872959.313746,A,1186,1187,1186.5,5,10,1
187,1775872959.3145652,A,1186,1187,1186.5,5,10,1
188,1775872959.507864,A,1186,1187,1186.5,5,10,1
189,1775872959.5083258,A,1186,1187,1186.5,5,10,1
190,1775872959.509181,A,1186,1187,1186.5,5,10,1
191,1775872959.5108,A,1186,1187,1186.5,5,10,1
192,1775872959.510942,A,1186,1187,1186.5,5,10,1
193,1775872959.5110881,A,1186,1187,1186.5,5,10,1
194,1775872959.512862,A,1186,1187,1186.5,5,10,1
195,1775872959.514154,A,1186,1187,1186.5,5,10,1
196,1775872959.51482,A,1186,1187,1186.5,5,10,1
197,1775872959.516106,A,1186,1187,1186.5,5,10,1
198,1775872959.516213,A,1186,1187,1186.5,5,10,1
199,1775872959.516703,A,1186,1187,1186.5,5,10,1
200,1775872959.5170329,A,1186,1187,1186.5,5,10,1
201,1775872959.517421,A,1186,1187,1186.5,5,10,1
202,1775872959.517736,A,1186,1187,1186.5,5,10,1
203,1775872959.5192142,A,1186,1187,1186.5,5,10,1
204,1775872959.707266,A,1186,1187,1186.5,45,10,1
205,1775872959.707838,A,1186,1187,1186.5,45,10,1
206,1775872959.708064,A,1186,1187,1186.5,45,10,1
207,1775872959.7081752,A,1186,1187,1186.5,45,10,1
208,1775872959.709409,A,1186,1185,1185.5,45,133,-1
209,1775872959.709878,A,1185,1185,1185.0,60,133,0
210,1775872959.710038,A,1183,1185,1184.0,50,133,2
211,1775872959.710264,A,1183,1185,1184.0,50,28,2
212,1775872959.7103841,A,1183,1187,1185.0,50,10,4
213,1775872959.7104828,A,1184,1187,1185.5,80,10,3
214,1775872959.710571,A,1184,1187,1185.5,80,10,3
215,1775872959.710952,A,1184,1187,1185.5,80,10,3
216,1775872959.711442,A,1184,1187,1185.5,80,10,3
217,1775872959.7133598,A,1184,1187,1185.5,80,10,3
218,1775872959.7154071,A,1184,1187,1185.5,80,10,3
219,1775872959.716471,A,1184,1187,1185.5,80,10,3
220,1775872959.718053,A,1184,1187,1185.5,80,10,3
221,1775872959.718642,A,1184,1187,1185.5,80,10,3
222,1775872959.7190511,A,1184,1187,1185.5,80,10,3
223,1775872959.719311,A,1184,1187,1185.5,80,10,3
224,1775872959.7201228,A,1184,1187,1185.5,80,10,3
225,1775872959.827421,A,1187,1187,1187.0,5,10,0
226,1775872959.8279629,A,1184,1187,1185.5,80,10,3
227,1775872959.8282418,A,1184,1187,1185.5,80,5,3
228,1775872959.851309,A,1184,1187,1185.5,80,25,3
229,1775872959.906958,A,1187,1187,1187.0,40,25,0
230,1775872959.9077692,A,1187,1187,1187.0,15,25,0
231,1775872959.9080598,A,1187,1194,1190.5,15,140,7
232,1775872959.9085991,A,1187,1194,1190.5,15,140,7
233,1775872959.908716,A,1187,1194,1190.5,15,140,7
234,1775872959.90881,A,1187,1194,1190.5,15,140,7
235,1775872959.908919,A,1187,1194,1190.5,15,140,7
236,1775872959.909458,A,1187,1194,1190.5,15,140,7
237,1775872959.91009,A,1187,1194,1190.5,15,140,7
238,1775872959.910419,A,1187,1194,1190.5,15,140,7
239,1775872959.912032,A,1187,1194,1190.5,15,140,7
240,1775872959.91276,A,1187,1194,1190.5,15,40,7
241,1775872959.9150798,A,1187,1195,1191.0,15,100,8
242,1775872959.918966,A,1187,1195,1191.0,15,40,8
243,1775872959.9193301,A,1187,1195,1191.0,15,40,8
244,1775872959.9222121,A,1187,1195,1191.0,15,40,8
245,1775872959.92694,A,1187,1195,1191.0,15,40,8
246,1775872959.9288619,A,1187,1195,1191.0,15,40,8
247,1775872959.9289758,A,1187,1188,1187.5,15,10,1
248,1775872959.929089,A,1187,1188,1187.5,20,10,1
249,1775872960.03285,A,1187,1188,1187.5,20,10,1
250,1775872960.033323,A,1187,1195,1191.0,20,40,8
251,1775872960.033684,A,1187,1195,1191.0,15,40,8
252,1775872960.036448,A,1187,1193,1190.0,15,10,6
253,1775872960.036753,A,1188,1193,1190.5,5,10,5
254,1775872960.1088572,A,1188,1193,1190.5,5,10,5
255,1775872960.1115258,A,1188,1193,1190.5,5,10,5
256,1775872960.1147368,A,1188,1193,1190.5,5,10,5
257,1775872960.1160488,A,1188,1193,1190.5,5,10,5
258,1775872960.119215,A,1188,1193,1190.5,5,10,5
259,1775872960.1203258,A,1188,1193,1190.5,5,10,5
260,1775872960.121017,A,1188,1193,1190.5,5,10,5
261,1775872960.121418,A,1188,1193,1190.5,5,10,5
262,1775872960.124505,A,1188,1193,1190.5,5,10,5
263,1775872960.12559,A,1188,1193,1190.5,5,10,5
264,1775872960.12573,A,1188,1193,1190.5,5,10,5
265,1775872960.125855,A,1188,1193,1190.5,5,10,5
266,1775872960.126231,A,1188,1193,1190.5,5,10,5
267,1775872960.126944,A,1188,1193,1190.5,5,10,5
268,1775872960.127038,A,1188,1193,1190.5,5,10,5
269,1775872960.1274052,A,1188,1193,1190.5,5,10,5
270,1775872960.13696,A,1188,1194,1191.0,5,40,6
271,1775872960.137093,A,1186,1194,1190.0,40,40,8
272,1775872960.137214,A,1188,1194,1191.0,10,40,6
273,1775872960.13731,A,1188,1193,1190.5,10,10,5
274,1775872960.305331,A,1192,1193,1192.5,40,10,1
275,1775872960.305989,A,1192,1193,1192.5,40,10,1
276,1775872960.3080041,A,1192,1193,1192.5,40,10,1
277,1775872960.309886,A,1192,1193,1192.5,40,10,1
278,1775872960.310233,A,1192,1193,1192.5,40,10,1
279,1775872960.310835,A,1192,1193,1192.5,40,10,1
280,1775872960.3114371,A,1192,1193,1192.5,40,10,1
281,1775872960.312902,A,1192,1193,1192.5,40,10,1
282,1775872960.313877,A,1192,1193,1192.5,40,10,1
283,1775872960.315288,A,1192,1193,1192.5,40,10,1
284,1775872960.3155031,A,1192,1193,1192.5,40,10,1
285,1775872960.316271,A,1192,1193,1192.5,40,10,1
286,1775872960.316724,A,1192,1193,1192.5,40,10,1
287,1775872960.316857,A,1192,1193,1192.5,40,10,1
288,1775872960.317556,A,1192,1193,1192.5,40,10,1
289,1775872960.3188,A,1192,1193,1192.5,40,10,1
290,1775872960.511559,A,1192,1193,1192.5,40,10,1
291,1775872960.514108,A,1192,1193,1192.5,40,10,1
292,1775872960.514991,A,1192,1193,1192.5,40,10,1
293,1775872960.517803,A,1192,1193,1192.5,40,10,1
294,1775872960.518742,A,1192,1193,1192.5,40,10,1
295,1775872960.5213308,A,1192,1193,1192.5,40,10,1
296,1775872960.521684,A,1192,1193,1192.5,40,10,1
297,1775872960.522026,A,1192,1193,1192.5,40,10,1
298,1775872960.5225348,A,1192,1193,1192.5,40,10,1
299,1775872960.52311,A,1192,1193,1192.5,40,10,1
300,1775872960.524365,A,1191,1193,1192.0,60,10,2
301,1775872960.524543,A,1191,1193,1192.0,60,10,2
302,1775872960.525085,A,1190,1193,1191.5,80,10,3
303,1775872960.525505,A,1190,1193,1191.5,80,10,3
304,1775872960.526106,A,1189,1193,1191.0,140,10,4
305,1775872960.526633,A,1189,1193,1191.0,140,10,4
306,1775872960.536188,A,1189,1192,1190.5,140,20,3
307,1775872960.71157,A,1190,1192,1191.0,40,20,2
308,1775872960.713362,A,1190,1192,1191.0,40,20,2
309,1775872960.7143118,A,1190,1192,1191.0,40,20,2
310,1775872960.714657,A,1190,1192,1191.0,40,20,2
311,1775872960.718053,A,1190,1192,1191.0,40,20,2
312,1775872960.7182238,A,1190,1192,1191.0,40,20,2
313,1775872960.7190778,A,1190,1192,1191.0,40,20,2
314,1775872960.720384,A,1190,1192,1191.0,40,20,2
315,1775872960.7215,A,1190,1192,1191.0,40,20,2
316,1775872960.72414,A,1190,1192,1191.0,40,20,2
317,1775872960.724865,A,1190,1192,1191.0,40,20,2
318,1775872960.725774,A,1190,1192,1191.0,40,20,2
319,1775872960.7267258,A,1190,1192,1191.0,40,20,2
320,1775872960.72692,A,1190,1192,1191.0,40,20,2
321,1775872960.7273118,A,1190,1192,1191.0,40,20,2
322,1775872960.727471,A,1190,1192,1191.0,40,20,2
323,1775872960.904692,A,1191,1192,1191.5,40,20,1
324,1775872960.905534,A,1191,1192,1191.5,40,20,1
325,1775872960.90654,A,1191,1192,1191.5,40,20,1
326,1775872960.909309,A,1191,1192,1191.5,40,20,1
327,1775872960.9094532,A,1191,1192,1191.5,40,20,1
328,1775872960.911041,A,1191,1192,1191.5,40,20,1
329,1775872960.911222,A,1191,1192,1191.5,40,20,1
330,1775872960.9115489,A,1191,1192,1191.5,40,20,1
331,1775872960.912566,A,1191,1192,1191.5,40,20,1
332,1775872960.9146051,A,1191,1192,1191.5,40,20,1
333,1775872960.914845,A,1191,1192,1191.5,40,20,1
334,1775872960.915067,A,1191,1192,1191.5,40,20,1
335,1775872960.91739,A,1191,1192,1191.5,40,20,1
336,1775872960.917865,A,1191,1192,1191.5,40,20,1
337,1775872960.918674,A,1191,1192,1191.5,40,20,1
338,1775872960.918995,A,1191,1192,1191.5,40,20,1
339,1775872961.109437,A,1194,1192,1193.0,40,20,-2
340,1775872961.109744,A,1194,1192,1193.0,10,20,-2
341,1775872961.109853,A,1194,1193,1193.5,10,10,-1
342,1775872961.109946,A,1194,1199,1196.5,10,40,5
343,1775872961.1101692,A,1194,1199,1196.5,10,40,5
344,1775872961.1105962,A,1194,1199,1196.5,10,40,5
345,1775872961.110869,A,1194,1199,1196.5,10,40,5
346,1775872961.113298,A,1194,1199,1196.5,10,40,5
347,1775872961.1134741,A,1194,1199,1196.5,10,40,5
348,1775872961.116545,A,1194,1199,1196.5,10,40,5
349,1775872961.118305,A,1194,1199,1196.5,10,40,5
350,1775872961.1186671,A,1194,1199,1196.5,10,40,5
351,1775872961.120887,A,1194,1199,1196.5,10,40,5
352,1775872961.121789,A,1194,1199,1196.5,10,40,5
353,1775872961.122082,A,1194,1200,1197.0,10,60,6
354,1775872961.122253,A,1194,1200,1197.0,10,60,6
355,1775872961.122933,A,1194,1201,1197.5,10,80,7
356,1775872961.123414,A,1194,1201,1197.5,10,80,7
357,1775872961.123956,A,1194,1202,1198.0,10,140,8
358,1775872961.195015,A,1194,1194,1194.0,10,20,0
359,1775872961.19547,A,1193,1194,1193.5,60,20,1
360,1775872961.195634,A,1193,1194,1193.5,60,10,1
361,1775872961.3064032,A,1194,1194,1194.0,40,10,0
362,1775872961.306871,A,1194,1194,1194.0,30,10,0
363,1775872961.307086,A,1194,1202,1198.0,30,140,8
364,1775872961.307323,A,1194,1202,1198.0,30,180,8
365,1775872961.308395,A,1194,1202,1198.0,30,180,8
366,1775872961.310107,A,1194,1202,1198.0,30,180,8
367,1775872961.313971,A,1194,1202,1198.0,30,180,8
368,1775872961.314377,A,1194,1202,1198.0,30,180,8
369,1775872961.3155751,A,1194,1202,1198.0,30,180,8
370,1775872961.3164642,A,1194,1202,1198.0,30,180,8
371,1775872961.317632,A,1194,1202,1198.0,30,180,8
372,1775872961.318914,A,1194,1202,1198.0,30,80,8
373,1775872961.3192399,A,1194,1202,1198.0,30,40,8
374,1775872961.3196428,A,1194,1202,1198.0,30,40,8
375,1775872961.320022,A,1194,1202,1198.0,30,40,8
376,1775872961.320127,A,1194,1202,1198.0,30,40,8
377,1775872961.321302,A,1194,1202,1198.0,30,40,8
378,1775872961.328524,A,1194,1202,1198.0,30,40,8
379,1775872961.3286452,A,1194,1200,1197.0,30,10,6
380,1775872961.328752,A,1194,1200,1197.0,35,10,6
381,1775872961.351201,A,1194,1202,1198.0,35,40,8
382,1775872961.354261,A,1194,1202,1198.0,30,40,8
383,1775872961.3544462,A,1196,1202,1199.0,10,40,6
384,1775872961.3546271,A,1196,1202,1199.0,10,50,6
385,1775872961.503951,A,1196,1202,1199.0,10,50,6
386,1775872961.505101,A,1196,1201,1198.5,10,40,5
387,1775872961.505737,A,1196,1201,1198.5,10,40,5
388,1775872961.506591,A,1196,1201,1198.5,10,40,5
389,1775872961.50744,A,1196,1201,1198.5,10,40,5
390,1775872961.5090501,A,1196,1201,1198.5,10,40,5
391,1775872961.509525,A,1196,1201,1198.5,10,40,5
392,1775872961.512266,A,1196,1201,1198.5,10,40,5
393,1775872961.514813,A,1196,1201,1198.5,10,40,5
394,1775872961.516855,A,1196,1201,1198.5,10,40,5
395,1775872961.5179572,A,1196,1201,1198.5,10,40,5
396,1775872961.518454,A,1196,1201,1198.5,10,40,5
397,1775872961.5186062,A,1196,1201,1198.5,10,40,5
398,1775872961.5192,A,1196,1201,1198.5,10,40,5
399,1775872961.5193331,A,1196,1201,1198.5,10,40,5
400,1775872961.5194712,A,1196,1201,1198.5,10,40,5
401,1775872961.5610518,A,1201,1201,1201.0,5,40,0
402,1775872961.561599,A,1196,1201,1198.5,10,40,5
403,1775872961.561861,A,1196,1201,1198.5,10,35,5
404,1775872961.6612659,A,1193,1201,1197.0,40,35,8
405,1775872961.6647282,A,1193,1201,1197.0,40,35,8
406,1775872961.665223,A,1196,1201,1198.5,10,35,5
407,1775872961.6655118,A,1196,1201,1198.5,10,35,5
408,1775872961.665621,A,1201,1201,1201.0,5,35,0
409,1775872961.6657972,A,1196,1201,1198.5,10,35,5
410,1775872961.66589,A,1196,1201,1198.5,10,30,5
411,1775872961.705765,A,1196,1201,1198.5,10,30,5
412,1775872961.70589,A,1196,1201,1198.5,10,30,5
413,1775872961.706007,A,1196,1201,1198.5,10,30,5
414,1775872961.706125,A,1196,1201,1198.5,10,30,5
415,1775872961.7080278,A,1196,1201,1198.5,10,30,5
416,1775872961.7081752,A,1196,1201,1198.5,10,30,5
417,1775872961.708299,A,1196,1201,1198.5,10,30,5
418,1775872961.7085729,A,1196,1201,1198.5,10,30,5
419,1775872961.70885,A,1196,1201,1198.5,10,30,5
420,1775872961.708972,A,1196,1201,1198.5,10,30,5
421,1775872961.710995,A,1196,1201,1198.5,10,30,5
422,1775872961.711096,A,1196,1202,1199.0,10,100,6
423,1775872961.7112162,A,1196,1202,1199.0,10,100,6
424,1775872961.713581,A,1196,1202,1199.0,10,40,6
425,1775872961.716562,A,1196,1202,1199.0,10,40,6
426,1775872961.718775,A,1196,1202,1199.0,10,40,6
427,1775872961.7346182,A,1196,1196,1196.0,10,20,0
428,1775872961.7347898,A,1194,1196,1195.0,40,20,2
429,1775872961.734876,A,1194,1196,1195.0,40,10,2
430,1775872961.763743,A,1194,1196,1195.0,40,10,2
431,1775872961.763972,A,1194,1202,1198.0,40,40,8
432,1775872961.7641568,A,1194,1202,1198.0,40,40,8
433,1775872961.865875,A,1194,1202,1198.0,40,40,8
434,1775872961.866137,A,1196,1202,1199.0,10,40,6
435,1775872961.866335,A,1196,1202,1199.0,10,40,6
436,1775872961.907518,A,1197,1202,1199.5,40,40,5
437,1775872961.912447,A,1197,1202,1199.5,40,40,5
438,1775872961.91285,A,1197,1202,1199.5,40,40,5
439,1775872961.914172,A,1197,1202,1199.5,40,40,5
440,1775872961.916172,A,1197,1202,1199.5,40,40,5
441,1775872961.9209468,A,1197,1202,1199.5,40,40,5
442,1775872961.922217,A,1197,1202,1199.5,40,40,5
443,1775872961.924196,A,1197,1202,1199.5,40,40,5
444,1775872961.9250371,A,1197,1202,1199.5,40,40,5
445,1775872961.925318,A,1197,1202,1199.5,40,40,5
446,1775872961.92592,A,1197,1202,1199.5,40,40,5
447,1775872961.926475,A,1197,1203,1200.0,40,63,6
448,1775872961.926589,A,1197,1203,1200.0,40,63,6
449,1775872961.926707,A,1197,1203,1200.0,40,3,6
450,1775872961.92683,A,1197,1203,1200.0,40,3,6
451,1775872961.927779,A,1197,1203,1200.0,40,3,6
452,1775872962.1157,A,1197,1203,1200.0,40,3,6
453,1775872962.116626,A,1197,1203,1200.0,40,43,6
454,1775872962.118138,A,1197,1203,1200.0,40,43,6
455,1775872962.120304,A,1197,1203,1200.0,40,43,6
456,1775872962.1226492,A,1197,1203,1200.0,40,43,6
457,1775872962.1233358,A,1197,1203,1200.0,40,43,6
458,1775872962.1237361,A,1197,1203,1200.0,40,43,6
459,1775872962.123843,A,1197,1203,1200.0,40,43,6
460,1775872962.1242082,A,1197,1203,1200.0,40,43,6
461,1775872962.124317,A,1197,1203,1200.0,40,43,6
462,1775872962.125061,A,1196,1203,1199.5,70,43,7
463,1775872962.1255019,A,1196,1203,1199.5,70,43,7
464,1775872962.125602,A,1196,1203,1199.5,10,43,7
465,1775872962.1257029,A,1196,1203,1199.5,10,43,7
466,1775872962.1265569,A,1196,1203,1199.5,10,43,7
467,1775872962.1266592,A,1196,1203,1199.5,10,43,7
468,1775872962.305215,A,1196,1203,1199.5,50,43,7
469,1775872962.3098612,A,1196,1203,1199.5,50,43,7
470,1775872962.310997,A,1196,1203,1199.5,50,43,7
471,1775872962.313059,A,1196,1203,1199.5,50,43,7
472,1775872962.314872,A,1196,1203,1199.5,50,43,7
473,1775872962.317083,A,1196,1203,1199.5,50,43,7
474,1775872962.317822,A,1196,1203,1199.5,50,43,7
475,1775872962.321173,A,1196,1203,1199.5,50,43,7
476,1775872962.322288,A,1196,1203,1199.5,50,43,7
477,1775872962.323563,A,1196,1203,1199.5,50,43,7
478,1775872962.323717,A,1196,1203,1199.5,50,43,7
479,1775872962.323877,A,1196,1203,1199.5,50,3,7
480,1775872962.3250508,A,1196,1203,1199.5,50,3,7
481,1775872962.326168,A,1196,1203,1199.5,50,3,7
482,1775872962.326993,A,1196,1203,1199.5,50,3,7
483,1775872962.327157,A,1196,1203,1199.5,50,3,7
484,1775872962.383496,A,1196,1196,1196.0,50,20,0
485,1775872962.383796,A,1196,1196,1196.0,30,20,0
486,1775872962.383986,A,1196,1203,1199.5,30,3,7
487,1775872962.505281,A,1198,1203,1200.5,40,3,5
488,1775872962.5080938,A,1198,1203,1200.5,40,3,5
489,1775872962.5091252,A,1198,1203,1200.5,40,3,5
490,1775872962.5095181,A,1198,1203,1200.5,40,3,5
491,1775872962.5109398,A,1198,1203,1200.5,40,3,5
492,1775872962.511302,A,1198,1203,1200.5,40,3,5
493,1775872962.511428,A,1198,1203,1200.5,40,3,5
494,1775872962.5126789,A,1198,1203,1200.5,40,3,5
495,1775872962.5130408,A,1198,1203,1200.5,40,3,5
496,1775872962.51425,A,1198,1203,1200.5,40,3,5
497,1775872962.5144682,A,1198,1203,1200.5,40,3,5
498,1775872962.515174,A,1198,1203,1200.5,40,3,5
499,1775872962.5165598,A,1198,1203,1200.5,40,3,5
500,1775872962.5173178,A,1198,1203,1200.5,40,3,5
501,1775872962.5174332,A,1198,1203,1200.5,40,3,5
502,1775872962.518193,A,1198,1203,1200.5,40,3,5
503,1775872962.556283,A,1198,1203,1200.5,40,3,5
504,1775872962.556919,A,1198,1206,1202.0,40,40,8
505,1775872962.557301,A,1199,1206,1202.5,10,40,7
506,1775872962.557625,A,1199,1206,1202.5,10,43,7
507,1775872962.7116978,A,1199,1206,1202.5,10,43,7
508,1775872962.712272,A,1199,1206,1202.5,10,83,7
509,1775872962.712571,A,1199,1206,1202.5,10,83,7
510,1775872962.712841,A,1199,1206,1202.5,10,83,7
511,1775872962.71343,A,1199,1206,1202.5,10,83,7
512,1775872962.714209,A,1199,1206,1202.5,10,83,7
513,1775872962.7163498,A,1199,1206,1202.5,10,83,7
514,1775872962.71777,A,1199,1206,1202.5,10,83,7
515,1775872962.719392,A,1199,1206,1202.5,10,83,7
516,1775872962.720083,A,1199,1206,1202.5,10,83,7
517,1775872962.720177,A,1199,1206,1202.5,10,83,7
518,1775872962.721952,A,1199,1206,1202.5,10,43,7
519,1775872962.723905,A,1199,1206,1202.5,10,43,7
520,1775872962.72769,A,1199,1206,1202.5,10,43,7
521,1775872962.7292118,A,1199,1206,1202.5,10,43,7
522,1775872962.729444,A,1199,1206,1202.5,10,43,7
523,1775872962.907084,A,1199,1206,1202.5,50,43,7
524,1775872962.9096692,A,1199,1206,1202.5,50,43,7
525,1775872962.915404,A,1199,1206,1202.5,50,43,7
526,1775872962.91619,A,1199,1206,1202.5,50,43,7
527,1775872962.9169621,A,1199,1206,1202.5,50,43,7
528,1775872962.918175,A,1199,1206,1202.5,50,43,7
529,1775872962.918441,A,1199,1206,1202.5,50,43,7
530,1775872962.920806,A,1199,1206,1202.5,50,43,7
531,1775872962.926744,A,1199,1206,1202.5,50,43,7
532,1775872962.92744,A,1199,1206,1202.5,50,43,7
533,1775872962.9290051,A,1199,1206,1202.5,50,43,7
534,1775872962.9300292,A,1199,1206,1202.5,50,3,7
535,1775872962.930264,A,1199,1206,1202.5,50,3,7
536,1775872962.9309912,A,1199,1206,1202.5,50,3,7
537,1775872962.9314969,A,1199,1206,1202.5,50,3,7
538,1775872962.9322119,A,1199,1206,1202.5,50,3,7
539,1775872962.934765,A,1199,1199,1199.0,50,20,0
540,1775872962.934956,A,1199,1199,1199.0,30,20,0
541,1775872962.935062,A,1199,1206,1202.5,30,3,7
542,1775872963.110416,A,1199,1206,1202.5,30,3,7
543,1775872963.112757,A,1199,1204,1201.5,30,40,5
544,1775872963.115228,A,1199,1204,1201.5,30,40,5
545,1775872963.117346,A,1199,1204,1201.5,30,40,5
546,1775872963.117803,A,1199,1204,1201.5,30,40,5
547,1775872963.1200252,A,1199,1204,1201.5,30,40,5
548,1775872963.1212428,A,1199,1204,1201.5,30,40,5
549,1775872963.121583,A,1199,1204,1201.5,30,40,5
550,1775872963.122096,A,1199,1204,1201.5,30,40,5
551,1775872963.1225998,A,1199,1204,1201.5,30,40,5
552,1775872963.123734,A,1199,1204,1201.5,10,40,5
553,1775872963.1251972,A,1199,1204,1201.5,10,40,5
554,1775872963.126512,A,1199,1204,1201.5,10,40,5
555,1775872963.129611,A,1199,1204,1201.5,10,40,5
556,1775872963.130899,A,1199,1204,1201.5,10,40,5
557,1775872963.131021,A,1199,1204,1201.5,10,40,5
558,1775872963.132791,A,1196,1204,1200.0,140,40,8
559,1775872963.1329138,A,1196,1204,1200.0,140,40,8
560,1775872963.133072,A,1202,1204,1203.0,10,40,2
561,1775872963.133234,A,1202,1204,1203.0,10,40,2
562,1775872963.306908,A,1202,1204,1203.0,10,40,2
563,1775872963.308234,A,1202,1202,1202.0,10,40,0
564,1775872963.3088489,A,1196,1202,1199.0,140,40,6
565,1775872963.309145,A,1196,1202,1199.0,140,30,6
566,1775872963.311471,A,1196,1202,1199.0,140,30,6
567,1775872963.312149,A,1196,1202,1199.0,140,30,6
568,1775872963.312611,A,1196,1202,1199.0,140,30,6
569,1775872963.3143702,A,1196,1202,1199.0,140,30,6
570,1775872963.315514,A,1196,1202,1199.0,140,30,6
571,1775872963.318358,A,1196,1202,1199.0,140,30,6
572,1775872963.3191922,A,1196,1202,1199.0,40,30,6
573,1775872963.3193831,A,1196,1202,1199.0,40,30,6
574,1775872963.3201768,A,1195,1202,1198.5,60,30,7
575,1775872963.3239858,A,1195,1202,1198.5,60,30,7
576,1775872963.325127,A,1194,1202,1198.0,120,30,8
577,1775872963.325237,A,1194,1202,1198.0,120,30,8
578,1775872963.325661,A,1194,1202,1198.0,40,30,8
579,1775872963.326325,A,1194,1202,1198.0,40,30,8
580,1775872963.427659,A,1194,1202,1198.0,40,30,8
581,1775872963.428264,A,1200,1202,1201.0,10,30,2
582,1775872963.428651,A,1200,1202,1201.0,10,30,2
583,1775872963.434593,A,1200,1194,1197.0,10,20,-6
584,1775872963.4355881,A,1200,1194,1197.0,10,20,-6
585,1775872963.435939,A,1194,1194,1194.0,30,20,0
586,1775872963.436267,A,1194,1202,1198.0,30,30,8
587,1775872963.505452,A,1194,1202,1198.0,30,30,8
588,1775872963.506261,A,1194,1200,1197.0,30,40,6
589,1775872963.506486,A,1194,1200,1197.0,30,40,6
590,1775872963.507211,A,1194,1200,1197.0,30,40,6
591,1775872963.511761,A,1194,1200,1197.0,30,40,6
592,1775872963.513263,A,1194,1200,1197.0,30,40,6
593,1775872963.513807,A,1194,1200,1197.0,30,40,6
594,1775872963.5140412,A,1194,1200,1197.0,30,40,6
595,1775872963.514346,A,1194,1200,1197.0,30,40,6
596,1775872963.514596,A,1194,1200,1197.0,30,40,6
597,1775872963.515271,A,1193,1200,1196.5,60,40,7
598,1775872963.517198,A,1193,1200,1196.5,60,40,7
599,1775872963.517296,A,1192,1200,1196.0,120,40,8
600,1775872963.51844,A,1192,1200,1196.0,120,40,8
601,1775872963.519594,A,1192,1200,1196.0,40,40,8
602,1775872963.52041,A,1192,1200,1196.0,40,40,8
603,1775872963.530813,A,1192,1200,1196.0,40,40,8
604,1775872963.530924,A,1192,1200,1196.0,40,40,8
605,1775872963.705463,A,1193,1200,1196.5,40,40,7
606,1775872963.709213,A,1193,1200,1196.5,40,40,7
607,1775872963.7109382,A,1193,1200,1196.5,40,40,7
608,1775872963.71154,A,1193,1200,1196.5,40,40,7
609,1775872963.7152388,A,1193,1200,1196.5,40,40,7
610,1775872963.7174,A,1193,1200,1196.5,40,40,7
611,1775872963.717657,A,1193,1200,1196.5,40,40,7
612,1775872963.718017,A,1193,1200,1196.5,40,40,7
613,1775872963.720705,A,1193,1200,1196.5,40,40,7
614,1775872963.722062,A,1193,1200,1196.5,40,40,7
615,1775872963.722146,A,1193,1200,1196.5,40,40,7
616,1775872963.723853,A,1193,1201,1197.0,40,100,8
617,1775872963.724759,A,1193,1201,1197.0,40,100,8
618,1775872963.724842,A,1193,1201,1197.0,40,40,8
619,1775872963.7257411,A,1193,1201,1197.0,40,40,8
620,1775872963.7262132,A,1193,1201,1197.0,40,40,8
621,1775872963.907251,A,1193,1201,1197.0,40,40,8
622,1775872963.913488,A,1193,1199,1196.0,40,40,6
623,1775872963.913675,A,1193,1199,1196.0,40,40,6
624,1775872963.913837,A,1193,1199,1196.0,40,40,6
625,1775872963.914722,A,1193,1199,1196.0,40,40,6
626,1775872963.9148412,A,1193,1199,1196.0,40,40,6
627,1775872963.91557,A,1193,1199,1196.0,40,40,6
628,1775872963.915981,A,1193,1199,1196.0,40,40,6
629,1775872963.91829,A,1193,1199,1196.0,40,40,6
630,1775872963.918472,A,1193,1199,1196.0,40,40,6
631,1775872963.9189398,A,1192,1199,1195.5,60,40,7
632,1775872963.9193852,A,1192,1199,1195.5,60,40,7
633,1775872963.9199731,A,1191,1199,1195.0,120,40,8
634,1775872963.92006,A,1191,1199,1195.0,120,40,8
635,1775872963.9203782,A,1191,1199,1195.0,40,40,8
636,1775872963.920676,A,1191,1199,1195.0,40,40,8
637,1775872963.956537,A,1191,1193,1192.0,40,20,2
638,1775872964.108305,A,1191,1193,1192.0,80,20,2
639,1775872964.1087842,A,1191,1193,1192.0,80,20,2
640,1775872964.109799,A,1191,1193,1192.0,80,20,2
641,1775872964.110244,A,1191,1193,1192.0,80,20,2
642,1775872964.110543,A,1191,1193,1192.0,80,20,2
643,1775872964.111053,A,1191,1193,1192.0,80,20,2
644,1775872964.111512,A,1191,1193,1192.0,80,20,2
645,1775872964.111861,A,1191,1193,1192.0,80,20,2
646,1775872964.112363,A,1191,1193,1192.0,80,20,2
647,1775872964.115503,A,1191,1193,1192.0,80,20,2
648,1775872964.11577,A,1191,1193,1192.0,40,20,2
649,1775872964.1168451,A,1191,1193,1192.0,40,20,2
650,1775872964.1179368,A,1191,1193,1192.0,40,20,2
651,1775872964.118082,A,1191,1193,1192.0,40,20,2
652,1775872964.119738,A,1191,1193,1192.0,40,20,2
653,1775872964.1198158,A,1191,1193,1192.0,40,20,2
654,1775872964.3063,A,1192,1193,1192.5,40,20,1
655,1775872964.307664,A,1192,1193,1192.5,40,20,1
656,1775872964.308643,A,1192,1193,1192.5,40,20,1
657,1775872964.309191,A,1192,1193,1192.5,40,20,1
658,1775872964.311722,A,1192,1193,1192.5,40,20,1
659,1775872964.312906,A,1192,1193,1192.5,40,20,1
660,1775872964.3136342,A,1192,1193,1192.5,40,20,1
661,1775872964.314286,A,1192,1193,1192.5,40,20,1
662,1775872964.315138,A,1192,1193,1192.5,40,20,1
663,1775872964.3178618,A,1192,1193,1192.5,40,20,1
664,1775872964.318812,A,1192,1193,1192.5,40,20,1
665,1775872964.319781,A,1192,1193,1192.5,40,20,1
666,1775872964.320205,A,1192,1193,1192.5,40,20,1
667,1775872964.320726,A,1192,1193,1192.5,40,20,1
668,1775872964.321045,A,1192,1193,1192.5,40,20,1
669,1775872964.321131,A,1192,1193,1192.5,40,20,1
670,1775872964.474838,A,1193,1193,1193.0,5,20,0
671,1775872964.4759018,A,1192,1193,1192.5,40,20,1
672,1775872964.476348,A,1192,1193,1192.5,40,15,1
673,1775872964.500857,A,1192,1193,1192.5,40,35,1
674,1775872964.506575,A,1192,1193,1192.5,40,35,1
675,1775872964.5087318,A,1192,1193,1192.5,40,35,1
676,1775872964.510748,A,1192,1193,1192.5,40,35,1
677,1775872964.511198,A,1192,1193,1192.5,40,35,1
678,1775872964.512181,A,1192,1193,1192.5,40,35,1
679,1775872964.512733,A,1192,1193,1192.5,40,35,1
680,1775872964.513838,A,1192,1193,1192.5,40,35,1
681,1775872964.514359,A,1192,1193,1192.5,40,35,1
682,1775872964.514484,A,1192,1193,1192.5,40,35,1
683,1775872964.5157208,A,1192,1193,1192.5,40,35,1
684,1775872964.515893,A,1191,1193,1192.0,100,35,2
685,1775872964.515981,A,1191,1193,1192.0,100,35,2
686,1775872964.516354,A,1191,1193,1192.0,40,35,2
687,1775872964.516453,A,1191,1193,1192.0,40,35,2
688,1775872964.5174952,A,1191,1193,1192.0,40,35,2
689,1775872964.518188,A,1191,1193,1192.0,40,35,2
690,1775872964.600405,A,1193,1193,1193.0,5,35,0
691,1775872964.601582,A,1191,1193,1192.0,40,35,2
692,1775872964.602088,A,1191,1193,1192.0,40,30,2
693,1775872964.706007,A,1191,1193,1192.0,80,30,2
694,1775872964.706378,A,1191,1193,1192.0,80,30,2
695,1775872964.7066162,A,1191,1193,1192.0,80,30,2
696,1775872964.707229,A,1191,1193,1192.0,80,30,2
697,1775872964.7103019,A,1191,1193,1192.0,80,30,2
698,1775872964.7135549,A,1191,1193,1192.0,80,30,2
699,1775872964.7143402,A,1191,1193,1192.0,80,30,2
700,1775872964.714506,A,1191,1193,1192.0,80,30,2
701,1775872964.7150998,A,1191,1193,1192.0,80,30,2
702,1775872964.7154381,A,1191,1193,1192.0,80,30,2
703,1775872964.7172601,A,1191,1193,1192.0,40,30,2
704,1775872964.7182631,A,1191,1193,1192.0,40,30,2
705,1775872964.7201211,A,1191,1193,1192.0,40,30,2
706,1775872964.7217762,A,1191,1193,1192.0,40,30,2
707,1775872964.722194,A,1191,1193,1192.0,40,30,2
708,1775872964.7230139,A,1191,1193,1192.0,40,30,2
709,1775872964.9050062,A,1191,1193,1192.0,80,30,2
710,1775872964.905271,A,1191,1193,1192.0,80,30,2
711,1775872964.905798,A,1191,1193,1192.0,80,30,2
712,1775872964.9078531,A,1191,1193,1192.0,80,30,2
713,1775872964.911426,A,1191,1193,1192.0,80,30,2
714,1775872964.913089,A,1191,1193,1192.0,80,30,2
715,1775872964.914099,A,1191,1193,1192.0,80,30,2
716,1775872964.9169312,A,1191,1193,1192.0,80,30,2
717,1775872964.917386,A,1191,1193,1192.0,80,30,2
718,1775872964.9176729,A,1191,1193,1192.0,80,30,2
719,1775872964.91969,A,1191,1193,1192.0,40,30,2
720,1775872964.920017,A,1191,1193,1192.0,40,30,2
721,1775872964.921667,A,1191,1193,1192.0,40,30,2
722,1775872964.921982,A,1191,1193,1192.0,40,30,2
723,1775872964.9221492,A,1191,1193,1192.0,40,30,2
724,1775872964.922596,A,1191,1193,1192.0,40,30,2
725,1775872965.006898,A,1191,1191,1191.0,40,20,0
726,1775872965.007277,A,1191,1191,1191.0,20,20,0
727,1775872965.0076082,A,1191,1193,1192.0,20,30,2
728,1775872965.036963,A,1191,1193,1192.0,20,30,2
729,1775872965.037175,A,1191,1193,1192.0,20,20,2
730,1775872965.037299,A,1191,1199,1195.0,20,40,8
731,1775872965.037434,A,1191,1199,1195.0,20,40,8
732,1775872965.107432,A,1191,1199,1195.0,20,40,8
733,1775872965.108184,A,1191,1198,1194.5,20,40,7
734,1775872965.108642,A,1191,1198,1194.5,20,40,7
735,1775872965.111695,A,1191,1198,1194.5,20,40,7
736,1775872965.1123252,A,1191,1198,1194.5,20,40,7
737,1775872965.112949,A,1191,1198,1194.5,20,40,7
738,1775872965.1136498,A,1191,1198,1194.5,20,40,7
739,1775872965.1167932,A,1191,1198,1194.5,20,40,7
740,1775872965.116886,A,1191,1198,1194.5,20,40,7
741,1775872965.117729,A,1191,1198,1194.5,20,40,7
742,1775872965.119164,A,1190,1198,1194.0,100,40,8
743,1775872965.120136,A,1190,1198,1194.0,100,40,8
744,1775872965.1204932,A,1190,1198,1194.0,40,40,8
745,1775872965.1210198,A,1190,1198,1194.0,40,40,8
746,1775872965.121619,A,1190,1198,1194.0,40,40,8
747,1775872965.124653,A,1190,1198,1194.0,40,40,8
748,1775872965.3062558,A,1192,1198,1195.0,40,40,6
749,1775872965.306823,A,1192,1198,1195.0,40,40,6
750,1775872965.307232,A,1192,1198,1195.0,40,40,6
751,1775872965.307347,A,1192,1198,1195.0,40,40,6
752,1775872965.3098571,A,1192,1198,1195.0,40,40,6
753,1775872965.311029,A,1192,1198,1195.0,40,40,6
754,1775872965.312136,A,1192,1198,1195.0,40,40,6
755,1775872965.312814,A,1192,1198,1195.0,40,40,6
756,1775872965.31445,A,1192,1198,1195.0,40,40,6
757,1775872965.315433,A,1192,1198,1195.0,40,40,6
758,1775872965.316048,A,1192,1198,1195.0,40,40,6
759,1775872965.3169851,A,1192,1199,1195.5,40,60,7
760,1775872965.317185,A,1192,1199,1195.5,40,60,7
761,1775872965.3172748,A,1192,1200,1196.0,40,120,8
762,1775872965.318052,A,1192,1200,1196.0,40,120,8
763,1775872965.3187509,A,1192,1200,1196.0,40,40,8
764,1775872965.5074859,A,1192,1200,1196.0,40,40,8
765,1775872965.511275,A,1192,1198,1195.0,40,40,6
766,1775872965.515209,A,1199,1198,1198.5,133,40,-1
767,1775872965.5156438,A,1199,1198,1198.5,93,40,-1
768,1775872965.5158348,A,1199,1200,1199.5,93,40,1
769,1775872965.516562,A,1199,1200,1199.5,93,40,1
770,1775872965.5175512,A,1199,1199,1199.0,93,60,0
771,1775872965.518105,A,1199,1199,1199.0,33,60,0
772,1775872965.518521,A,1199,1200,1199.5,33,40,1
773,1775872965.518989,A,1199,1200,1199.5,33,40,1
774,1775872965.5203571,A,1199,1200,1199.5,33,120,1
775,1775872965.522021,A,1192,1200,1196.0,40,120,8
776,1775872965.523633,A,1192,1200,1196.0,40,120,8
777,1775872965.525732,A,1192,1200,1196.0,40,120,8
778,1775872965.527789,A,1192,1200,1196.0,40,120,8
779,1775872965.5281112,A,1192,1200,1196.0,40,120,8
780,1775872965.528534,A,1191,1200,1195.5,60,120,9
781,1775872965.5288801,A,1191,1200,1195.5,60,80,9
782,1775872965.529876,A,1190,1200,1195.0,120,80,10
783,1775872965.530387,A,1190,1200,1195.0,120,80,10
784,1775872965.531252,A,1190,1200,1195.0,40,80,10
785,1775872965.531363,A,1190,1200,1195.0,40,80,10
786,1775872965.53576,A,1190,1192,1191.0,40,20,2
787,1775872965.708641,A,1191,1192,1191.5,40,20,1
788,1775872965.714167,A,1191,1192,1191.5,40,20,1
789,1775872965.715072,A,1191,1192,1191.5,40,20,1
790,1775872965.7159932,A,1191,1192,1191.5,40,20,1
791,1775872965.7194722,A,1191,1192,1191.5,40,20,1
792,1775872965.720909,A,1191,1192,1191.5,40,20,1
793,1775872965.723152,A,1191,1192,1191.5,40,20,1
794,1775872965.723897,A,1191,1192,1191.5,40,20,1
795,1775872965.724174,A,1191,1192,1191.5,40,20,1
796,1775872965.726551,A,1191,1192,1191.5,40,20,1
797,1775872965.728354,A,1191,1192,1191.5,40,20,1
798,1775872965.7316558,A,1191,1192,1191.5,40,20,1
799,1775872965.734726,A,1191,1192,1191.5,40,20,1
800,1775872965.735179,A,1191,1192,1191.5,40,20,1
801,1775872965.9098601,A,1191,1192,1191.5,80,20,1
802,1775872965.910209,A,1191,1192,1191.5,80,20,1
803,1775872965.912404,A,1191,1192,1191.5,80,20,1
804,1775872965.913912,A,1191,1192,1191.5,80,20,1
805,1775872965.9142022,A,1191,1192,1191.5,80,20,1
806,1775872965.9143171,A,1191,1192,1191.5,80,20,1
807,1775872965.914491,A,1191,1192,1191.5,80,20,1
808,1775872965.918803,A,1191,1192,1191.5,80,20,1
809,1775872965.91973,A,1191,1192,1191.5,80,20,1
810,1775872965.922113,A,1191,1192,1191.5,80,20,1
811,1775872965.9222028,A,1191,1192,1191.5,40,20,1
812,1775872965.922282,A,1191,1192,1191.5,40,20,1
813,1775872965.9224262,A,1191,1192,1191.5,40,20,1
814,1775872965.9230201,A,1191,1192,1191.5,40,20,1
815,1775872965.92312,A,1191,1192,1191.5,40,20,1
816,1775872965.9234009,A,1191,1192,1191.5,40,20,1
817,1775872966.1110919,A,1191,1192,1191.5,40,20,1
818,1775872966.111517,A,1191,1192,1191.5,40,20,1
819,1775872966.113726,A,1191,1192,1191.5,40,20,1
820,1775872966.117665,A,1191,1192,1191.5,40,20,1
821,1775872966.118222,A,1191,1192,1191.5,40,20,1
822,1775872966.1187341,A,1191,1192,1191.5,40,20,1
823,1775872966.119382,A,1191,1192,1191.5,40,20,1
824,1775872966.119631,A,1191,1192,1191.5,40,20,1
825,1775872966.119752,A,1191,1192,1191.5,40,20,1
826,1775872966.120081,A,1191,1192,1191.5,40,20,1
827,1775872966.120755,A,1190,1192,1191.0,100,20,2
828,1775872966.121116,A,1190,1192,1191.0,100,20,2
829,1775872966.121588,A,1190,1192,1191.0,40,20,2
830,1775872966.12258,A,1190,1192,1191.0,40,20,2
831,1775872966.122695,A,1190,1192,1191.0,40,20,2
832,1775872966.122987,A,1190,1192,1191.0,40,20,2
833,1775872966.301991,A,1190,1192,1191.0,40,20,2
834,1775872966.302154,A,1190,1198,1194.0,40,40,8
835,1775872966.30227,A,1190,1198,1194.0,40,40,8
836,1775872966.30238,A,1192,1198,1195.0,5,40,6
837,1775872966.31141,A,1192,1198,1195.0,5,40,6
838,1775872966.312,A,1192,1198,1195.0,5,80,6
839,1775872966.312308,A,1192,1198,1195.0,5,80,6
840,1775872966.312872,A,1192,1198,1195.0,5,80,6
841,1775872966.31473,A,1192,1198,1195.0,5,80,6
842,1775872966.31526,A,1192,1198,1195.0,5,80,6
843,1775872966.319693,A,1192,1198,1195.0,5,80,6
844,1775872966.320155,A,1192,1198,1195.0,5,80,6
845,1775872966.320619,A,1192,1198,1195.0,5,80,6
846,1775872966.320918,A,1192,1198,1195.0,5,80,6
847,1775872966.321058,A,1192,1198,1195.0,5,80,6
848,1775872966.321432,A,1192,1198,1195.0,5,40,6
849,1775872966.322036,A,1192,1198,1195.0,5,40,6
850,1775872966.326383,A,1192,1198,1195.0,5,40,6
851,1775872966.3270369,A,1192,1198,1195.0,5,40,6
852,1775872966.327759,A,1192,1198,1195.0,5,40,6
853,1775872966.506222,A,1192,1198,1195.0,5,40,6
854,1775872966.5073652,A,1192,1198,1195.0,5,80,6
855,1775872966.5087202,A,1192,1198,1195.0,5,80,6
856,1775872966.508867,A,1192,1198,1195.0,5,80,6
857,1775872966.5108979,A,1192,1198,1195.0,5,80,6
858,1775872966.512084,A,1192,1198,1195.0,5,80,6
859,1775872966.5125299,A,1192,1198,1195.0,5,80,6
860,1775872966.516166,A,1192,1198,1195.0,5,80,6
861,1775872966.5162659,A,1192,1198,1195.0,5,80,6
862,1775872966.5172539,A,1192,1198,1195.0,5,80,6
863,1775872966.520853,A,1192,1198,1195.0,5,80,6
864,1775872966.521046,A,1192,1198,1195.0,5,40,6
865,1775872966.521774,A,1192,1198,1195.0,5,40,6
866,1775872966.522568,A,1192,1198,1195.0,5,40,6
867,1775872966.522707,A,1192,1198,1195.0,5,40,6
868,1775872966.523176,A,1192,1198,1195.0,5,40,6
869,1775872966.707127,A,1192,1198,1195.0,5,40,6
870,1775872966.712862,A,1192,1198,1195.0,5,80,6
871,1775872966.717005,A,1192,1198,1195.0,5,80,6
872,1775872966.717168,A,1192,1198,1195.0,5,80,6
873,1775872966.718262,A,1192,1198,1195.0,5,80,6
874,1775872966.719202,A,1192,1198,1195.0,5,80,6
875,1775872966.719872,A,1192,1198,1195.0,5,80,6
876,1775872966.722066,A,1192,1198,1195.0,5,80,6
877,1775872966.7222998,A,1192,1198,1195.0,5,80,6
878,1775872966.723917,A,1192,1198,1195.0,5,80,6
879,1775872966.726002,A,1192,1198,1195.0,5,80,6
880,1775872966.7265549,A,1192,1198,1195.0,5,40,6
881,1775872966.7270741,A,1192,1198,1195.0,5,40,6
882,1775872966.727456,A,1192,1198,1195.0,5,40,6
883,1775872966.727689,A,1192,1198,1195.0,5,40,6
884,1775872966.7306082,A,1192,1198,1195.0,5,40,6
885,1775872966.734812,A,1192,1192,1192.0,5,20,0
886,1775872966.735103,A,1190,1192,1191.0,40,20,2
887,1775872966.735209,A,1190,1192,1191.0,40,15,2
888,1775872966.875552,A,1190,1192,1191.0,40,15,2
889,1775872966.8761,A,1190,1198,1194.0,40,40,8
890,1775872966.876513,A,1190,1198,1194.0,40,40,8
891,1775872966.876937,A,1192,1198,1195.0,5,40,6
892,1775872966.914964,A,1192,1198,1195.0,5,40,6
893,1775872966.9175942,A,1192,1198,1195.0,5,80,6
894,1775872966.917808,A,1192,1198,1195.0,5,80,6
895,1775872966.919067,A,1192,1198,1195.0,5,80,6
896,1775872966.919683,A,1192,1198,1195.0,5,80,6
897,1775872966.920726,A,1192,1198,1195.0,5,80,6
898,1775872966.922283,A,1192,1198,1195.0,5,80,6
899,1775872966.923054,A,1192,1198,1195.0,5,80,6
900,1775872966.926562,A,1192,1198,1195.0,5,80,6
901,1775872966.929875,A,1192,1198,1195.0,5,80,6
902,1775872966.929974,A,1192,1198,1195.0,5,80,6
903,1775872966.930141,A,1192,1198,1195.0,5,40,6
904,1775872966.930444,A,1192,1198,1195.0,5,40,6
905,1775872966.932415,A,1192,1198,1195.0,5,40,6
906,1775872966.932687,A,1192,1198,1195.0,5,40,6
907,1775872966.932798,A,1192,1198,1195.0,5,40,6
908,1775872967.105632,A,1193,1198,1195.5,40,40,5
909,1775872967.106715,A,1193,1198,1195.5,40,40,5
910,1775872967.1069992,A,1193,1198,1195.5,40,40,5
911,1775872967.111476,A,1193,1198,1195.5,40,40,5
912,1775872967.1132228,A,1193,1198,1195.5,40,40,5
913,1775872967.117355,A,1193,1198,1195.5,40,40,5
914,1775872967.118397,A,1193,1198,1195.5,40,40,5
915,1775872967.119008,A,1193,1198,1195.5,40,40,5
916,1775872967.120321,A,1193,1198,1195.5,40,40,5
917,1775872967.121156,A,1193,1198,1195.5,40,40,5
918,1775872967.121865,A,1193,1198,1195.5,40,40,5
919,1775872967.122062,A,1193,1199,1196.0,40,60,6
920,1775872967.122185,A,1193,1199,1196.0,40,60,6
921,1775872967.12312,A,1193,1200,1196.5,40,80,7
922,1775872967.123775,A,1193,1200,1196.5,40,80,7
923,1775872967.1242628,A,1193,1201,1197.0,40,140,8
924,1775872967.309543,A,1193,1201,1197.0,80,140,8
925,1775872967.315258,A,1193,1201,1197.0,80,180,8
926,1775872967.3155258,A,1193,1201,1197.0,80,180,8
927,1775872967.3165262,A,1193,1201,1197.0,80,180,8
928,1775872967.317239,A,1193,1201,1197.0,80,180,8
929,1775872967.319472,A,1193,1201,1197.0,80,180,8
930,1775872967.3196092,A,1193,1201,1197.0,80,180,8
931,1775872967.3199449,A,1193,1201,1197.0,80,180,8
932,1775872967.320058,A,1193,1201,1197.0,80,180,8
933,1775872967.320296,A,1193,1201,1197.0,80,80,8
934,1775872967.321324,A,1193,1201,1197.0,40,80,8
935,1775872967.3214269,A,1193,1201,1197.0,40,40,8
936,1775872967.321717,A,1193,1201,1197.0,40,40,8
937,1775872967.3218172,A,1193,1201,1197.0,40,40,8
938,1775872967.3223839,A,1193,1201,1197.0,40,40,8
939,1775872967.323599,A,1193,1201,1197.0,40,40,8
940,1775872967.33487,A,1193,1193,1193.0,40,20,0
941,1775872967.335145,A,1193,1193,1193.0,20,20,0
942,1775872967.335264,A,1193,1201,1197.0,20,40,8
943,1775872967.3798132,A,1193,1201,1197.0,20,40,8
944,1775872967.379989,A,1193,1201,1197.0,20,40,8
945,1775872967.4836748,A,1201,1201,1201.0,10,40,0
946,1775872967.484722,A,1193,1201,1197.0,20,40,8
947,1775872967.48518,A,1193,1201,1197.0,20,30,8
948,1775872967.504496,A,1193,1195,1194.0,20,133,2
949,1775872967.517615,A,1196,1195,1195.5,40,133,-1
950,1775872967.518039,A,1193,1195,1194.0,20,133,2
951,1775872967.5182562,A,1193,1195,1194.0,20,93,2
952,1775872967.519508,A,1193,1195,1194.0,20,93,2
953,1775872967.523069,A,1193,1201,1197.0,20,30,8
954,1775872967.5241868,A,1195,1201,1198.0,60,30,6
955,1775872967.5251079,A,1195,1201,1198.0,60,30,6
956,1775872967.5267808,A,1195,1201,1198.0,60,30,6
957,1775872967.5273228,A,1195,1201,1198.0,60,30,6
958,1775872967.5276859,A,1195,1201,1198.0,60,30,6
959,1775872967.528397,A,1195,1201,1198.0,60,30,6
960,1775872967.529423,A,1195,1201,1198.0,60,30,6
961,1775872967.5307462,A,1195,1201,1198.0,60,30,6
962,1775872967.530884,A,1195,1201,1198.0,60,30,6
963,1775872967.531059,A,1195,1202,1198.5,60,60,7
964,1775872967.531148,A,1195,1202,1198.5,60,60,7
965,1775872967.531316,A,1195,1203,1199.0,60,80,8
966,1775872967.531404,A,1195,1203,1199.0,60,80,8
967,1775872967.531818,A,1195,1204,1199.5,60,140,9
968,1775872967.5380201,A,1195,1204,1199.5,72,140,9
969,1775872967.54442,A,1195,1204,1199.5,60,140,9
970,1775872967.575704,A,1204,1204,1204.0,12,140,0
971,1775872967.5760581,A,1195,1204,1199.5,60,140,9
972,1775872967.576201,A,1195,1204,1199.5,60,128,9
973,1775872967.604924,A,1204,1204,1204.0,12,128,0
974,1775872967.605286,A,1195,1204,1199.5,60,128,9
975,1775872967.605442,A,1195,1204,1199.5,60,116,9
976,1775872967.622447,A,1195,1204,1199.5,60,116,9
977,1775872967.622804,A,1204,1204,1204.0,5,116,0
978,1775872967.6233711,A,1195,1204,1199.5,60,116,9
979,1775872967.623641,A,1195,1204,1199.5,60,111,9
980,1775872967.6361449,A,1204,1204,1204.0,12,111,0
981,1775872967.6367092,A,1195,1204,1199.5,60,111,9
982,1775872967.637037,A,1195,1204,1199.5,60,99,9
983,1775872967.667666,A,1204,1204,1204.0,12,99,0
984,1775872967.668349,A,1195,1204,1199.5,60,99,9
985,1775872967.668702,A,1195,1204,1199.5,60,87,9
986,1775872967.686697,A,1204,1204,1204.0,5,87,0
987,1775872967.687285,A,1195,1204,1199.5,60,87,9
988,1775872967.687593,A,1195,1204,1199.5,60,82,9
989,1775872967.698164,A,1204,1204,1204.0,12,82,0
990,1775872967.698974,A,1195,1204,1199.5,60,82,9
991,1775872967.699382,A,1195,1204,1199.5,60,70,9
992,1775872967.724428,A,1196,1204,1200.0,40,70,8
993,1775872967.728272,A,1196,1204,1200.0,40,110,8
994,1775872967.729938,A,1196,1204,1200.0,40,110,8
995,1775872967.730797,A,1196,1204,1200.0,40,110,8
996,1775872967.730954,A,1196,1204,1200.0,40,110,8
997,1775872967.7314298,A,1196,1204,1200.0,40,110,8
998,1775872967.7319932,A,1196,1204,1200.0,40,110,8
999,1775872967.732745,A,1196,1204,1200.0,40,110,8
1000,1775872967.733435,A,1196,1204,1200.0,40,110,8
1001,1775872967.7342248,A,1196,1204,1200.0,40,80,8
1002,1775872967.734816,A,1196,1204,1200.0,40,40,8
1003,1775872967.735013,A,1196,1204,1200.0,40,40,8
1004,1775872967.735214,A,1196,1204,1200.0,40,40,8
1005,1775872967.7360299,A,1196,1204,1200.0,40,40,8
1006,1775872967.736133,A,1196,1204,1200.0,40,40,8
1007,1775872967.739433,A,1204,1204,1204.0,12,40,0
1008,1775872967.739606,A,1196,1204,1200.0,40,40,8
1009,1775872967.739703,A,1196,1204,1200.0,40,28,8
1010,1775872967.7559721,A,1204,1204,1204.0,12,28,0
1011,1775872967.756565,A,1196,1204,1200.0,40,28,8
1012,1775872967.7568069,A,1196,1204,1200.0,40,16,8
1013,1775872967.7862,A,1204,1204,1204.0,12,16,0
1014,1775872967.7868512,A,1196,1204,1200.0,40,16,8
1015,1775872967.787145,A,1196,1204,1200.0,40,4,8
1016,1775872967.788476,A,1204,1204,1204.0,5,4,0
1017,1775872967.7890592,A,1204,1204,1204.0,1,4,0
1018,1775872967.7893288,A,1204,1205,1204.5,1,60,1
1019,1775872967.8149319,A,1204,1205,1204.5,13,60,1
1020,1775872967.817108,A,1204,1205,1204.5,1,60,1
1021,1775872967.879023,A,1205,1205,1205.0,12,60,0
1022,1775872967.879678,A,1204,1205,1204.5,1,60,1
1023,1775872967.87991,A,1204,1205,1204.5,1,48,1
1024,1775872967.923518,A,1204,1205,1204.5,1,48,1
1025,1775872967.925587,A,1204,1203,1203.5,1,40,-1
1026,1775872967.926021,A,1196,1203,1199.5,40,40,7
1027,1775872967.926228,A,1196,1203,1199.5,40,39,7
1028,1775872967.926829,A,1196,1203,1199.5,40,39,7
1029,1775872967.9270248,A,1196,1203,1199.5,40,39,7
1030,1775872967.927239,A,1196,1203,1199.5,40,39,7
1031,1775872967.930068,A,1196,1203,1199.5,40,39,7
1032,1775872967.9308941,A,1196,1203,1199.5,40,39,7
1033,1775872967.932449,A,1196,1203,1199.5,40,39,7
1034,1775872967.9342148,A,1196,1203,1199.5,40,39,7
1035,1775872967.934444,A,1196,1203,1199.5,40,39,7
1036,1775872967.937276,A,1195,1203,1199.0,100,39,8
1037,1775872967.937394,A,1195,1203,1199.0,40,39,8
1038,1775872967.938176,A,1195,1203,1199.0,40,39,8
1039,1775872967.938693,A,1195,1203,1199.0,40,39,8
1040,1775872967.93888,A,1195,1203,1199.0,40,39,8
1041,1775872967.942249,A,1205,1203,1204.0,12,39,-2
1042,1775872967.9424279,A,1195,1203,1199.0,40,39,8
1043,1775872967.942522,A,1195,1203,1199.0,40,27,8
1044,1775872967.9657469,A,1203,1203,1203.0,12,27,0
1045,1775872967.966332,A,1195,1203,1199.0,40,27,8
1046,1775872967.966491,A,1195,1203,1199.0,40,15,8
1047,1775872967.9953332,A,1203,1203,1203.0,5,15,0
1048,1775872967.9957461,A,1195,1203,1199.0,40,15,8
1049,1775872967.9959092,A,1195,1203,1199.0,40,10,8
1050,1775872967.996566,A,1203,1203,1203.0,12,10,0
1051,1775872967.996755,A,1203,1203,1203.0,2,10,0
1052,1775872967.996844,A,1203,1204,1203.5,2,60,1
1053,1775872967.996937,A,1195,1204,1199.5,40,60,9
1054,1775872968.0271401,A,1204,1204,1204.0,12,60,0
1055,1775872968.02741,A,1195,1204,1199.5,40,60,9
1056,1775872968.0275142,A,1195,1204,1199.5,40,48,9
1057,1775872968.058469,A,1204,1204,1204.0,12,48,0
1058,1775872968.058837,A,1195,1204,1199.5,40,48,9
1059,1775872968.059001,A,1195,1204,1199.5,40,36,9
1060,1775872968.091032,A,1204,1204,1204.0,12,36,0
1061,1775872968.09165,A,1195,1204,1199.5,40,36,9
1062,1775872968.091897,A,1195,1204,1199.5,40,24,9
1063,1775872968.113132,A,1195,1204,1199.5,40,24,9
1064,1775872968.115485,A,1195,1202,1198.5,40,40,7
1065,1775872968.1214552,A,1195,1202,1198.5,40,40,7
1066,1775872968.1216168,A,1195,1202,1198.5,40,40,7
1067,1775872968.1216981,A,1195,1202,1198.5,40,40,7
1068,1775872968.1267,A,1195,1202,1198.5,40,40,7
1069,1775872968.127671,A,1195,1202,1198.5,40,40,7
1070,1775872968.127956,A,1195,1202,1198.5,40,40,7
1071,1775872968.1285608,A,1195,1202,1198.5,40,40,7
1072,1775872968.128714,A,1195,1202,1198.5,40,40,7
1073,1775872968.129071,A,1194,1202,1198.0,100,40,8
1074,1775872968.13033,A,1194,1202,1198.0,40,40,8
1075,1775872968.130496,A,1194,1202,1198.0,40,40,8
1076,1775872968.1308339,A,1194,1202,1198.0,40,40,8
1077,1775872968.131364,A,1194,1202,1198.0,40,40,8
1078,1775872968.1359081,A,1204,1202,1203.0,12,40,-2
1079,1775872968.1361191,A,1194,1202,1198.0,40,40,8
1080,1775872968.136226,A,1194,1202,1198.0,40,28,8
1081,1775872968.146803,A,1204,1202,1203.0,5,28,-2
1082,1775872968.147126,A,1194,1202,1198.0,40,28,8
1083,1775872968.147257,A,1194,1202,1198.0,40,23,8
1084,1775872968.169597,A,1202,1202,1202.0,10,23,0
1085,1775872968.16996,A,1194,1202,1198.0,40,23,8
1086,1775872968.170229,A,1194,1202,1198.0,40,13,8
1087,1775872968.199811,A,1194,1202,1198.0,40,13,8
1088,1775872968.200379,A,1194,1202,1198.0,40,13,8
1089,1775872968.3089569,A,1196,1202,1199.0,40,13,6
1090,1775872968.309612,A,1196,1202,1199.0,40,13,6
1091,1775872968.3109891,A,1196,1202,1199.0,40,13,6
1092,1775872968.311289,A,1196,1202,1199.0,40,13,6
1093,1775872968.3133209,A,1196,1202,1199.0,40,13,6
1094,1775872968.315999,A,1196,1202,1199.0,40,13,6
1095,1775872968.318311,A,1196,1202,1199.0,40,13,6
1096,1775872968.318933,A,1196,1202,1199.0,40,13,6
1097,1775872968.31966,A,1196,1202,1199.0,40,13,6
1098,1775872968.320739,A,1196,1202,1199.0,40,13,6
1099,1775872968.322612,A,1196,1202,1199.0,40,13,6
1100,1775872968.322944,A,1196,1203,1199.5,40,60,7
1101,1775872968.323902,A,1196,1203,1199.5,40,60,7
1102,1775872968.3247669,A,1196,1204,1200.0,40,120,8
1103,1775872968.324872,A,1196,1204,1200.0,40,120,8
1104,1775872968.325153,A,1196,1204,1200.0,40,40,8
1105,1775872968.5054011,A,1198,1204,1201.0,40,40,6
1106,1775872968.505653,A,1198,1204,1201.0,40,40,6
1107,1775872968.505864,A,1198,1204,1201.0,40,40,6
1108,1775872968.50628,A,1198,1204,1201.0,40,40,6
1109,1775872968.5071151,A,1198,1204,1201.0,40,40,6
1110,1775872968.511598,A,1198,1204,1201.0,40,40,6
1111,1775872968.513084,A,1198,1204,1201.0,40,40,6
1112,1775872968.5134542,A,1198,1204,1201.0,40,40,6
1113,1775872968.513674,A,1198,1204,1201.0,40,40,6
1114,1775872968.513848,A,1198,1204,1201.0,40,40,6
1115,1775872968.514623,A,1198,1204,1201.0,40,40,6
1116,1775872968.515679,A,1198,1205,1201.5,40,60,7
1117,1775872968.516341,A,1198,1205,1201.5,40,60,7
1118,1775872968.516945,A,1198,1206,1202.0,40,120,8
1119,1775872968.518176,A,1198,1206,1202.0,40,120,8
1120,1775872968.5189729,A,1198,1206,1202.0,40,40,8
1121,1775872968.712192,A,1202,1206,1204.0,40,40,4
1122,1775872968.713585,A,1202,1206,1204.0,40,40,4
1123,1775872968.714766,A,1202,1206,1204.0,40,40,4
1124,1775872968.719295,A,1202,1206,1204.0,40,40,4
1125,1775872968.720521,A,1202,1206,1204.0,40,40,4
1126,1775872968.724033,A,1202,1206,1204.0,40,40,4
1127,1775872968.724844,A,1202,1206,1204.0,40,40,4
1128,1775872968.725384,A,1202,1206,1204.0,40,40,4
1129,1775872968.7254982,A,1202,1206,1204.0,40,40,4
1130,1775872968.7256021,A,1202,1206,1204.0,40,40,4
1131,1775872968.72573,A,1202,1206,1204.0,40,40,4
1132,1775872968.725919,A,1202,1207,1204.5,40,60,5
1133,1775872968.726212,A,1202,1207,1204.5,40,60,5
1134,1775872968.726319,A,1202,1208,1205.0,40,80,6
1135,1775872968.7264059,A,1202,1208,1205.0,40,80,6
1136,1775872968.726712,A,1202,1209,1205.5,40,100,7
1137,1775872968.732713,A,1202,1202,1202.0,40,15,0
1138,1775872968.7331011,A,1202,1202,1202.0,25,15,0
1139,1775872968.7332108,A,1202,1209,1205.5,25,100,7
1140,1775872968.815729,A,1202,1209,1205.5,25,100,7
1141,1775872968.816312,A,1209,1209,1209.0,10,100,0
1142,1775872968.8179479,A,1202,1209,1205.5,25,100,7
1143,1775872968.818284,A,1202,1209,1205.5,25,90,7
1144,1775872968.907212,A,1202,1209,1205.5,65,90,7
1145,1775872968.907462,A,1202,1209,1205.5,65,90,7
1146,1775872968.9077492,A,1202,1209,1205.5,65,90,7
1147,1775872968.907902,A,1202,1209,1205.5,65,90,7
1148,1775872968.9092731,A,1202,1209,1205.5,65,90,7
1149,1775872968.909562,A,1202,1209,1205.5,65,90,7
1150,1775872968.9100852,A,1202,1209,1205.5,65,90,7
1151,1775872968.911797,A,1202,1209,1205.5,65,90,7
1152,1775872968.912651,A,1202,1209,1205.5,65,90,7
1153,1775872968.912905,A,1202,1210,1206.0,65,80,8
1154,1775872968.9131541,A,1202,1210,1206.0,40,80,8
1155,1775872968.913611,A,1202,1210,1206.0,40,40,8
1156,1775872968.9145842,A,1202,1210,1206.0,40,40,8
1157,1775872968.914712,A,1202,1210,1206.0,40,40,8
1158,1775872968.915445,A,1202,1210,1206.0,40,40,8
1159,1775872968.916066,A,1202,1210,1206.0,40,40,8
1160,1775872968.924583,A,1202,1210,1206.0,40,40,8
1161,1775872969.109577,A,1202,1210,1206.0,40,40,8
1162,1775872969.110626,A,1202,1208,1205.0,40,40,6
1163,1775872969.111136,A,1202,1208,1205.0,40,40,6
1164,1775872969.111182,A,1202,1208,1205.0,40,40,6
1165,1775872969.1119301,A,1202,1208,1205.0,40,40,6
1166,1775872969.1120331,A,1202,1208,1205.0,40,40,6
1167,1775872969.1123068,A,1202,1208,1205.0,40,40,6
1168,1775872969.1133702,A,1202,1208,1205.0,40,40,6
1169,1775872969.1134999,A,1202,1208,1205.0,40,40,6
1170,1775872969.1136918,A,1202,1208,1205.0,40,40,6
1171,1775872969.113861,A,1201,1208,1204.5,60,40,7
1172,1775872969.1140149,A,1201,1208,1204.5,60,40,7
1173,1775872969.1141288,A,1200,1208,1204.0,120,40,8
1174,1775872969.114242,A,1200,1208,1204.0,120,40,8
1175,1775872969.114283,A,1200,1208,1204.0,40,40,8
1176,1775872969.114368,A,1200,1208,1204.0,40,40,8
1177,1775872969.305137,A,1200,1208,1204.0,40,40,8
1178,1775872969.306259,A,1200,1204,1202.0,40,40,4
1179,1775872969.309854,A,1200,1204,1202.0,40,40,4
1180,1775872969.31116,A,1200,1204,1202.0,40,40,4
1181,1775872969.311795,A,1200,1204,1202.0,40,40,4
1182,1775872969.3127859,A,1200,1204,1202.0,40,40,4
1183,1775872969.312877,A,1200,1204,1202.0,40,40,4
1184,1775872969.314058,A,1200,1204,1202.0,40,40,4
1185,1775872969.319616,A,1200,1204,1202.0,40,40,4
1186,1775872969.319941,A,1200,1204,1202.0,40,40,4
1187,1775872969.320107,A,1199,1204,1201.5,60,40,5
1188,1775872969.32224,A,1199,1204,1201.5,60,40,5
1189,1775872969.323054,A,1198,1204,1201.0,80,40,6
1190,1775872969.323189,A,1198,1204,1201.0,80,40,6
1191,1775872969.32378,A,1197,1204,1200.5,100,40,7
1192,1775872969.323942,A,1197,1204,1200.5,100,40,7
1193,1775872969.33324,A,1197,1200,1198.5,100,10,3
1194,1775872969.508658,A,1197,1200,1198.5,100,10,3
1195,1775872969.510102,A,1197,1200,1198.5,100,10,3
1196,1775872969.510991,A,1197,1200,1198.5,100,10,3
1197,1775872969.5111418,A,1197,1200,1198.5,100,10,3
1198,1775872969.511275,A,1197,1200,1198.5,100,10,3
1199,1775872969.512306,A,1197,1200,1198.5,100,10,3
1200,1775872969.5124109,A,1197,1200,1198.5,100,10,3
1201,1775872969.5127418,A,1197,1200,1198.5,100,10,3
1202,1775872969.513108,A,1196,1200,1198.0,40,10,4
1203,1775872969.5137339,A,1196,1200,1198.0,40,10,4
1204,1775872969.5142379,A,1195,1200,1197.5,100,10,5
1205,1775872969.5147772,A,1195,1200,1197.5,100,10,5
1206,1775872969.515017,A,1195,1200,1197.5,40,10,5
1207,1775872969.51538,A,1195,1200,1197.5,40,10,5
1208,1775872969.515569,A,1195,1200,1197.5,40,10,5
1209,1775872969.516736,A,1195,1200,1197.5,40,10,5
1210,1775872969.7061918,A,1195,1200,1197.5,80,10,5
1211,1775872969.706948,A,1195,1200,1197.5,80,10,5
1212,1775872969.7082748,A,1195,1200,1197.5,80,10,5
1213,1775872969.708454,A,1195,1200,1197.5,80,10,5
1214,1775872969.710321,A,1195,1200,1197.5,80,10,5
1215,1775872969.712069,A,1195,1200,1197.5,80,10,5
1216,1775872969.712631,A,1195,1200,1197.5,80,10,5
1217,1775872969.7137191,A,1195,1200,1197.5,80,10,5
1218,1775872969.714887,A,1195,1200,1197.5,80,10,5
1219,1775872969.716744,A,1195,1200,1197.5,80,10,5
1220,1775872969.718257,A,1195,1200,1197.5,40,10,5
1221,1775872969.718409,A,1195,1200,1197.5,40,10,5
1222,1775872969.718771,A,1195,1200,1197.5,40,10,5
1223,1775872969.719317,A,1195,1200,1197.5,40,10,5
1224,1775872969.721637,A,1195,1200,1197.5,40,10,5
1225,1775872969.7221959,A,1195,1200,1197.5,40,10,5
1226,1775872969.905977,A,1195,1200,1197.5,80,10,5
1227,1775872969.906538,A,1195,1200,1197.5,80,10,5
1228,1775872969.908778,A,1195,1200,1197.5,80,10,5
1229,1775872969.909965,A,1195,1200,1197.5,80,10,5
1230,1775872969.910798,A,1195,1200,1197.5,80,10,5
1231,1775872969.913718,A,1195,1200,1197.5,80,10,5
1232,1775872969.917166,A,1195,1200,1197.5,80,10,5
1233,1775872969.91727,A,1195,1200,1197.5,80,10,5
1234,1775872969.91854,A,1195,1200,1197.5,80,10,5
1235,1775872969.921139,A,1195,1200,1197.5,80,10,5
1236,1775872969.921453,A,1195,1200,1197.5,40,10,5
1237,1775872969.921534,A,1195,1200,1197.5,40,10,5
1238,1775872969.921621,A,1195,1200,1197.5,40,10,5
1239,1775872969.921929,A,1195,1200,1197.5,40,10,5
1240,1775872969.922983,A,1195,1200,1197.5,40,10,5
1241,1775872969.9237928,A,1195,1200,1197.5,40,10,5
1242,1775872970.10498,A,1197,1200,1198.5,40,10,3
1243,1775872970.107614,A,1197,1200,1198.5,40,10,3
1244,1775872970.109131,A,1197,1200,1198.5,40,10,3
1245,1775872970.109847,A,1197,1200,1198.5,40,10,3
1246,1775872970.11116,A,1197,1200,1198.5,40,10,3
1247,1775872970.111986,A,1197,1200,1198.5,40,10,3
1248,1775872970.114914,A,1197,1200,1198.5,40,10,3
1249,1775872970.115056,A,1197,1200,1198.5,40,10,3
1250,1775872970.115952,A,1197,1200,1198.5,40,10,3
1251,1775872970.1178071,A,1197,1200,1198.5,40,10,3
1252,1775872970.118575,A,1197,1200,1198.5,40,10,3
1253,1775872970.120179,A,1197,1200,1198.5,40,10,3
1254,1775872970.1208231,A,1197,1200,1198.5,40,10,3
1255,1775872970.120955,A,1197,1200,1198.5,40,10,3
1256,1775872970.1213691,A,1197,1200,1198.5,40,10,3
1257,1775872970.121587,A,1197,1200,1198.5,40,10,3
1258,1775872970.306241,A,1199,1200,1199.5,40,10,1
1259,1775872970.307903,A,1199,1200,1199.5,40,10,1
1260,1775872970.3113248,A,1199,1200,1199.5,40,10,1
1261,1775872970.311916,A,1199,1200,1199.5,40,10,1
1262,1775872970.312924,A,1199,1200,1199.5,40,10,1
1263,1775872970.313079,A,1199,1200,1199.5,40,10,1
1264,1775872970.31317,A,1199,1200,1199.5,40,10,1
1265,1775872970.3140428,A,1199,1200,1199.5,40,10,1
1266,1775872970.314168,A,1199,1200,1199.5,40,10,1
1267,1775872970.314501,A,1199,1200,1199.5,40,10,1
1268,1775872970.3146172,A,1199,1200,1199.5,40,10,1
1269,1775872970.3163378,A,1199,1200,1199.5,40,10,1
1270,1775872970.317593,A,1199,1200,1199.5,40,10,1
1271,1775872970.318547,A,1199,1200,1199.5,40,10,1
1272,1775872970.319083,A,1199,1200,1199.5,40,10,1
1273,1775872970.3195882,A,1199,1200,1199.5,40,10,1
1274,1775872970.508193,A,1200,1200,1200.0,40,10,0
1275,1775872970.508965,A,1200,1200,1200.0,30,10,0
1276,1775872970.509206,A,1200,1207,1203.5,30,40,7
1277,1775872970.511128,A,1200,1207,1203.5,30,40,7
1278,1775872970.513213,A,1200,1207,1203.5,30,40,7
1279,1775872970.513412,A,1200,1207,1203.5,30,40,7
1280,1775872970.517387,A,1200,1207,1203.5,30,40,7
1281,1775872970.517568,A,1200,1207,1203.5,30,40,7
1282,1775872970.520889,A,1200,1207,1203.5,30,40,7
1283,1775872970.5229309,A,1200,1207,1203.5,30,40,7
1284,1775872970.523206,A,1200,1207,1203.5,30,40,7
1285,1775872970.524895,A,1200,1207,1203.5,30,40,7
1286,1775872970.5255759,A,1200,1207,1203.5,30,40,7
1287,1775872970.525808,A,1200,1208,1204.0,30,100,8
1288,1775872970.52604,A,1200,1208,1204.0,30,100,8
1289,1775872970.526161,A,1200,1208,1204.0,30,40,8
1290,1775872970.527884,A,1200,1208,1204.0,30,40,8
1291,1775872970.52818,A,1200,1208,1204.0,30,40,8
1292,1775872970.5537002,A,1200,1208,1204.0,30,40,8
1293,1775872970.554089,A,1208,1208,1208.0,10,40,0
1294,1775872970.554647,A,1200,1208,1204.0,30,40,8
1295,1775872970.5549319,A,1200,1208,1204.0,30,30,8
1296,1775872970.657475,A,1200,1208,1204.0,30,30,8
1297,1775872970.70846,A,1200,1208,1204.0,30,30,8
1298,1775872970.708701,A,1200,1207,1203.5,30,40,7
1299,1775872970.709145,A,1200,1207,1203.5,30,40,7
1300,1775872970.710351,A,1200,1207,1203.5,30,40,7
1301,1775872970.710785,A,1200,1207,1203.5,30,40,7
1302,1775872970.711044,A,1200,1207,1203.5,30,40,7
1303,1775872970.7118661,A,1200,1207,1203.5,30,40,7
1304,1775872970.7119832,A,1200,1207,1203.5,30,40,7
1305,1775872970.7128441,A,1200,1207,1203.5,30,40,7
1306,1775872970.7143512,A,1200,1207,1203.5,30,40,7
1307,1775872970.716664,A,1199,1207,1203.0,100,40,8
1308,1775872970.717058,A,1199,1207,1203.0,100,40,8
1309,1775872970.717778,A,1199,1207,1203.0,40,40,8
1310,1775872970.7181592,A,1199,1207,1203.0,40,40,8
1311,1775872970.71906,A,1199,1207,1203.0,40,40,8
1312,1775872970.7207198,A,1199,1207,1203.0,40,40,8
1313,1775872970.905955,A,1199,1207,1203.0,40,40,8
1314,1775872970.906377,A,1199,1203,1201.0,40,40,4
1315,1775872970.908113,A,1199,1203,1201.0,40,40,4
1316,1775872970.9083798,A,1199,1203,1201.0,40,40,4
1317,1775872970.908478,A,1199,1203,1201.0,40,40,4
1318,1775872970.909205,A,1199,1203,1201.0,40,40,4
1319,1775872970.910026,A,1199,1203,1201.0,40,40,4
1320,1775872970.910238,A,1199,1203,1201.0,40,40,4
1321,1775872970.910555,A,1199,1203,1201.0,40,40,4
1322,1775872970.914558,A,1199,1203,1201.0,40,40,4
1323,1775872970.9157991,A,1198,1203,1200.5,60,40,5
1324,1775872970.916955,A,1198,1203,1200.5,60,40,5
1325,1775872970.918016,A,1197,1203,1200.0,80,40,6
1326,1775872970.919936,A,1197,1203,1200.0,80,40,6
1327,1775872970.920216,A,1196,1203,1199.5,100,40,7
1328,1775872970.92188,A,1196,1203,1199.5,100,40,7
1329,1775872970.9931378,A,1196,1203,1199.5,100,40,7
1330,1775872971.12512,A,1196,1203,1199.5,100,40,7
1331,1775872971.1276312,A,1196,1201,1198.5,100,40,5
1332,1775872971.1277282,A,1196,1201,1198.5,100,40,5
1333,1775872971.1282601,A,1196,1201,1198.5,100,40,5
1334,1775872971.12883,A,1196,1201,1198.5,100,40,5
1335,1775872971.1306539,A,1196,1201,1198.5,100,40,5
1336,1775872971.131714,A,1196,1201,1198.5,100,40,5
1337,1775872971.131849,A,1196,1201,1198.5,100,40,5
1338,1775872971.134049,A,1195,1201,1198.0,40,40,6
1339,1775872971.1342359,A,1195,1201,1198.0,40,40,6
1340,1775872971.134335,A,1194,1201,1197.5,60,40,7
1341,1775872971.136068,A,1194,1201,1197.5,60,40,7
1342,1775872971.136737,A,1193,1201,1197.0,120,40,8
1343,1775872971.137082,A,1193,1201,1197.0,120,40,8
1344,1775872971.137751,A,1193,1201,1197.0,40,40,8
1345,1775872971.138124,A,1193,1201,1197.0,40,40,8
1346,1775872971.1390269,A,1193,1196,1194.5,40,10,3
1347,1775872971.311451,A,1193,1196,1194.5,40,10,3
1348,1775872971.311855,A,1193,1196,1194.5,40,10,3
1349,1775872971.316118,A,1193,1196,1194.5,40,10,3
1350,1775872971.317056,A,1193,1196,1194.5,40,10,3
1351,1775872971.3196201,A,1193,1196,1194.5,40,10,3
1352,1775872971.322881,A,1193,1196,1194.5,40,10,3
1353,1775872971.323251,A,1193,1196,1194.5,40,10,3
1354,1775872971.325171,A,1193,1196,1194.5,40,10,3
1355,1775872971.327159,A,1193,1196,1194.5,40,10,3
1356,1775872971.329794,A,1193,1196,1194.5,40,10,3
1357,1775872971.3318489,A,1192,1196,1194.0,100,10,4
1358,1775872971.334594,A,1192,1196,1194.0,100,10,4
1359,1775872971.3349462,A,1192,1196,1194.0,40,10,4
1360,1775872971.3353012,A,1192,1196,1194.0,40,10,4
1361,1775872971.335467,A,1192,1196,1194.0,40,10,4
1362,1775872971.336401,A,1192,1196,1194.0,40,10,4
1363,1775872971.511106,A,1194,1196,1195.0,40,10,2
1364,1775872971.51204,A,1194,1196,1195.0,40,10,2
1365,1775872971.5124822,A,1194,1196,1195.0,40,10,2
1366,1775872971.5152378,A,1194,1196,1195.0,40,10,2
1367,1775872971.5208051,A,1194,1196,1195.0,40,10,2
1368,1775872971.520969,A,1194,1196,1195.0,40,10,2
1369,1775872971.521151,A,1194,1196,1195.0,40,10,2
1370,1775872971.521325,A,1194,1196,1195.0,40,10,2
1371,1775872971.523916,A,1194,1196,1195.0,40,10,2
1372,1775872971.524569,A,1194,1196,1195.0,40,10,2
1373,1775872971.524748,A,1194,1196,1195.0,40,10,2
1374,1775872971.524933,A,1194,1196,1195.0,40,10,2
1375,1775872971.525156,A,1194,1196,1195.0,40,10,2
1376,1775872971.525333,A,1194,1196,1195.0,40,10,2
1377,1775872971.5255191,A,1194,1196,1195.0,40,10,2
1378,1775872971.525693,A,1194,1196,1195.0,40,10,2
1379,1775872971.710547,A,1199,1196,1197.5,40,10,-3
1380,1775872971.711286,A,1199,1196,1197.5,30,10,-3
1381,1775872971.711552,A,1199,1202,1200.5,30,40,3
1382,1775872971.714221,A,1199,1202,1200.5,30,40,3
1383,1775872971.715494,A,1199,1202,1200.5,30,40,3
1384,1775872971.7156649,A,1199,1202,1200.5,30,40,3
1385,1775872971.716629,A,1199,1202,1200.5,30,40,3
1386,1775872971.7168179,A,1199,1202,1200.5,30,40,3
1387,1775872971.72074,A,1199,1202,1200.5,30,40,3
1388,1775872971.722771,A,1199,1202,1200.5,30,40,3
1389,1775872971.7235498,A,1199,1202,1200.5,30,40,3
1390,1775872971.723854,A,1199,1202,1200.5,30,40,3
1391,1775872971.724074,A,1199,1202,1200.5,30,40,3
1392,1775872971.724243,A,1199,1203,1201.0,30,60,4
1393,1775872971.7247071,A,1199,1203,1201.0,30,60,4
1394,1775872971.72579,A,1199,1204,1201.5,30,80,5
1395,1775872971.725963,A,1199,1204,1201.5,30,80,5
1396,1775872971.726183,A,1199,1205,1202.0,30,100,6
1397,1775872971.819454,A,1199,1205,1202.0,30,100,6
1398,1775872971.819942,A,1202,1205,1203.5,10,100,3
1399,1775872971.884319,A,1199,1205,1202.0,30,100,6
1400,1775872971.884753,A,1205,1205,1205.0,10,100,0
1401,1775872971.8853781,A,1199,1205,1202.0,30,100,6
1402,1775872971.8857331,A,1199,1205,1202.0,30,90,6
1403,1775872971.90623,A,1206,1205,1205.5,40,90,-1
1404,1775872971.906698,A,1199,1205,1202.0,30,90,6
1405,1775872971.906927,A,1199,1205,1202.0,30,50,6
1406,1775872971.9076989,A,1199,1205,1202.0,30,50,6
1407,1775872971.912262,A,1205,1205,1205.0,60,50,0
1408,1775872971.912831,A,1205,1205,1205.0,10,50,0
1409,1775872971.913138,A,1205,1207,1206.0,10,40,2
1410,1775872971.91371,A,1205,1207,1206.0,10,40,2
1411,1775872971.915978,A,1205,1207,1206.0,10,40,2
1412,1775872971.9171999,A,1205,1207,1206.0,10,40,2
1413,1775872971.9185889,A,1205,1207,1206.0,10,40,2
1414,1775872971.919112,A,1205,1207,1206.0,10,40,2
1415,1775872971.923892,A,1205,1207,1206.0,10,40,2
1416,1775872971.9248042,A,1205,1207,1206.0,10,40,2
1417,1775872971.9250188,A,1205,1208,1206.5,10,60,3
1418,1775872971.925707,A,1205,1208,1206.5,10,60,3
1419,1775872971.9265878,A,1205,1209,1207.0,10,80,4
1420,1775872971.9268951,A,1205,1209,1207.0,10,80,4
1421,1775872971.927397,A,1205,1210,1207.5,10,100,5
1422,1775872971.98591,A,1205,1210,1207.5,10,100,5
1423,1775872972.1084769,A,1212,1210,1211.0,40,100,-2
1424,1775872972.108981,A,1205,1210,1207.5,10,100,5
1425,1775872972.1092238,A,1205,1210,1207.5,10,60,5
1426,1775872972.10984,A,1205,1210,1207.5,10,60,5
1427,1775872972.110452,A,1211,1210,1210.5,60,60,-1
1428,1775872972.111122,A,1205,1210,1207.5,10,60,5
1429,1775872972.111455,A,1205,1214,1209.5,10,40,9
1430,1775872972.112246,A,1205,1214,1209.5,10,40,9
1431,1775872972.1125498,A,1210,1214,1212.0,80,40,4
1432,1775872972.1133518,A,1210,1214,1212.0,80,40,4
1433,1775872972.1138391,A,1210,1214,1212.0,80,40,4
1434,1775872972.114086,A,1210,1214,1212.0,80,40,4
1435,1775872972.1146119,A,1210,1214,1212.0,80,40,4
1436,1775872972.126186,A,1210,1215,1212.5,80,60,5
1437,1775872972.129932,A,1210,1215,1212.5,80,60,5
1438,1775872972.130579,A,1210,1216,1213.0,80,80,6
1439,1775872972.1348412,A,1210,1216,1213.0,80,80,6
1440,1775872972.1351051,A,1210,1217,1213.5,80,100,7
1441,1775872972.304765,A,1215,1217,1216.0,40,100,2
1442,1775872972.305899,A,1215,1217,1216.0,40,100,2
1443,1775872972.3102798,A,1215,1217,1216.0,40,100,2
1444,1775872972.310766,A,1215,1217,1216.0,40,100,2
1445,1775872972.311146,A,1215,1217,1216.0,40,100,2
1446,1775872972.311635,A,1215,1217,1216.0,40,100,2
1447,1775872972.3126478,A,1215,1217,1216.0,40,100,2
1448,1775872972.312941,A,1215,1217,1216.0,40,100,2
1449,1775872972.3136241,A,1215,1217,1216.0,40,100,2
1450,1775872972.315629,A,1215,1220,1217.5,40,40,5
1451,1775872972.317079,A,1215,1221,1218.0,40,60,6
1452,1775872972.319562,A,1215,1222,1218.5,40,80,7
1453,1775872972.319925,A,1215,1222,1218.5,40,80,7
1454,1775872972.32043,A,1215,1223,1219.0,40,140,8
1455,1775872972.346025,A,1215,1215,1215.0,40,10,0
1456,1775872972.346362,A,1215,1215,1215.0,30,10,0
1457,1775872972.346519,A,1215,1223,1219.0,30,140,8
1458,1775872972.395029,A,1215,1223,1219.0,30,140,8
1459,1775872972.395466,A,1223,1223,1223.0,10,140,0
1460,1775872972.396035,A,1215,1223,1219.0,30,140,8
1461,1775872972.396385,A,1215,1223,1219.0,30,130,8
1462,1775872972.4990232,A,1215,1223,1219.0,30,130,8
1463,1775872972.5116942,A,1219,1223,1221.0,40,130,4
1464,1775872972.513914,A,1219,1223,1221.0,40,130,4
1465,1775872972.5143008,A,1219,1223,1221.0,40,130,4
1466,1775872972.514902,A,1219,1223,1221.0,40,130,4
1467,1775872972.515109,A,1219,1223,1221.0,40,130,4
1468,1775872972.5171862,A,1219,1223,1221.0,40,130,4
1469,1775872972.5176692,A,1219,1223,1221.0,40,130,4
1470,1775872972.518427,A,1219,1223,1221.0,40,130,4
1471,1775872972.518639,A,1219,1223,1221.0,40,130,4
1472,1775872972.520931,A,1219,1223,1221.0,40,40,4
1473,1775872972.523072,A,1219,1223,1221.0,40,40,4
1474,1775872972.523236,A,1219,1224,1221.5,40,60,5
1475,1775872972.5235882,A,1219,1224,1221.5,40,60,5
1476,1775872972.525405,A,1219,1225,1222.0,40,80,6
1477,1775872972.5256588,A,1219,1225,1222.0,40,80,6
1478,1775872972.5262551,A,1219,1226,1222.5,40,100,7
1479,1775872972.7051468,A,1219,1226,1222.5,80,100,7
1480,1775872972.706502,A,1219,1226,1222.5,80,100,7
1481,1775872972.706642,A,1219,1226,1222.5,80,100,7
1482,1775872972.706845,A,1219,1226,1222.5,80,100,7
1483,1775872972.708809,A,1219,1226,1222.5,80,100,7
1484,1775872972.708971,A,1219,1226,1222.5,80,100,7
1485,1775872972.710132,A,1219,1226,1222.5,80,100,7
1486,1775872972.710588,A,1219,1226,1222.5,80,100,7
1487,1775872972.711136,A,1219,1226,1222.5,80,100,7
1488,1775872972.7113469,A,1219,1227,1223.0,80,80,8
1489,1775872972.711622,A,1219,1227,1223.0,40,80,8
1490,1775872972.7177129,A,1219,1227,1223.0,40,40,8
1491,1775872972.7199612,A,1219,1227,1223.0,40,40,8
1492,1775872972.720896,A,1219,1227,1223.0,40,40,8
1493,1775872972.722572,A,1219,1227,1223.0,40,40,8
1494,1775872972.7228448,A,1219,1227,1223.0,40,40,8
1495,1775872972.905664,A,1219,1227,1223.0,40,40,8
1496,1775872972.9088671,A,1219,1223,1221.0,40,40,4
1497,1775872972.9094799,A,1219,1223,1221.0,40,40,4
1498,1775872972.910448,A,1219,1223,1221.0,40,40,4
1499,1775872972.913323,A,1219,1223,1221.0,40,40,4
1500,1775872972.917147,A,1219,1223,1221.0,40,40,4
1501,1775872972.918346,A,1219,1223,1221.0,40,40,4
1502,1775872972.918537,A,1219,1223,1221.0,40,40,4
1503,1775872972.919562,A,1219,1223,1221.0,40,40,4
1504,1775872972.919725,A,1219,1223,1221.0,40,40,4
1505,1775872972.92164,A,1218,1223,1220.5,60,40,5
1506,1775872972.92225,A,1218,1223,1220.5,60,40,5
1507,1775872972.92299,A,1217,1223,1220.0,80,40,6
1508,1775872972.925139,A,1217,1223,1220.0,80,40,6
1509,1775872972.925379,A,1216,1223,1219.5,100,40,7
1510,1775872972.925869,A,1216,1223,1219.5,100,40,7
1511,1775872972.9354959,A,1216,1219,1217.5,100,10,3
1512,1775872973.1050181,A,1216,1219,1217.5,100,10,3
1513,1775872973.108015,A,1216,1219,1217.5,100,10,3
1514,1775872973.119036,A,1216,1219,1217.5,100,10,3
1515,1775872973.119752,A,1216,1219,1217.5,100,10,3
1516,1775872973.120714,A,1216,1219,1217.5,100,10,3
1517,1775872973.121814,A,1216,1219,1217.5,100,10,3
1518,1775872973.122478,A,1216,1219,1217.5,100,10,3
1519,1775872973.123101,A,1216,1219,1217.5,100,10,3
1520,1775872973.1241689,A,1215,1219,1217.0,40,10,4
1521,1775872973.1243389,A,1215,1219,1217.0,40,10,4
1522,1775872973.12449,A,1214,1219,1216.5,100,10,5
1523,1775872973.124921,A,1214,1219,1216.5,100,10,5
1524,1775872973.1252081,A,1214,1219,1216.5,40,10,5
1525,1775872973.125489,A,1214,1219,1216.5,40,10,5
1526,1775872973.125633,A,1214,1219,1216.5,40,10,5
1527,1775872973.125782,A,1214,1219,1216.5,40,10,5
1528,1775872973.15008,A,1214,1216,1215.0,40,12,2
1529,1775872973.1531641,A,1214,1219,1216.5,40,10,5
1530,1775872973.180816,A,1214,1214,1214.0,40,12,0
1531,1775872973.1815639,A,1214,1214,1214.0,28,12,0
1532,1775872973.1819148,A,1214,1219,1216.5,28,10,5
1533,1775872973.21348,A,1214,1214,1214.0,28,8,0
1534,1775872973.214236,A,1214,1214,1214.0,20,8,0
1535,1775872973.2145898,A,1214,1219,1216.5,20,10,5
1536,1775872973.305718,A,1214,1219,1216.5,60,10,5
1537,1775872973.308536,A,1214,1219,1216.5,60,10,5
1538,1775872973.315613,A,1214,1219,1216.5,60,10,5
1539,1775872973.316316,A,1214,1219,1216.5,60,10,5
1540,1775872973.3174028,A,1214,1219,1216.5,60,10,5
1541,1775872973.317887,A,1214,1219,1216.5,60,10,5
1542,1775872973.318181,A,1214,1219,1216.5,60,10,5
1543,1775872973.3200681,A,1214,1219,1216.5,60,10,5
1544,1775872973.322166,A,1214,1219,1216.5,60,10,5
1545,1775872973.3229,A,1214,1219,1216.5,60,10,5
1546,1775872973.324616,A,1214,1219,1216.5,40,10,5
1547,1775872973.3263738,A,1214,1219,1216.5,40,10,5
1548,1775872973.32655,A,1214,1219,1216.5,40,10,5
1549,1775872973.327776,A,1214,1219,1216.5,40,10,5
1550,1775872973.329207,A,1214,1219,1216.5,40,10,5
1551,1775872973.330345,A,1214,1219,1216.5,40,10,5
1552,1775872973.5175009,A,1216,1219,1217.5,40,10,3
1553,1775872973.521751,A,1216,1219,1217.5,40,10,3
1554,1775872973.524865,A,1216,1219,1217.5,40,10,3
1555,1775872973.52644,A,1216,1219,1217.5,40,10,3
1556,1775872973.528258,A,1216,1219,1217.5,40,10,3
1557,1775872973.5284328,A,1216,1219,1217.5,40,10,3
1558,1775872973.5299132,A,1216,1219,1217.5,40,10,3
1559,1775872973.531275,A,1216,1219,1217.5,40,10,3
1560,1775872973.531584,A,1216,1219,1217.5,40,10,3
1561,1775872973.5329669,A,1216,1219,1217.5,40,10,3
1562,1775872973.533752,A,1216,1219,1217.5,40,10,3
1563,1775872973.536177,A,1216,1219,1217.5,40,10,3
1564,1775872973.538059,A,1216,1219,1217.5,40,10,3
1565,1775872973.538319,A,1216,1219,1217.5,40,10,3
1566,1775872973.5384588,A,1216,1219,1217.5,40,10,3
1567,1775872973.5405629,A,1216,1219,1217.5,40,10,3
1568,1775872973.5438452,A,1216,1216,1216.0,40,10,0
1569,1775872973.544063,A,1216,1216,1216.0,30,10,0
1570,1775872973.54417,A,1216,1219,1217.5,30,10,3
1571,1775872973.7104142,A,1222,1219,1220.5,40,10,-3
1572,1775872973.711019,A,1222,1219,1220.5,30,10,-3
1573,1775872973.711328,A,1222,1224,1223.0,30,40,2
1574,1775872973.716917,A,1222,1224,1223.0,30,40,2
1575,1775872973.717199,A,1222,1224,1223.0,30,40,2
1576,1775872973.721386,A,1222,1224,1223.0,30,40,2
1577,1775872973.7215722,A,1222,1224,1223.0,30,40,2
1578,1775872973.72453,A,1222,1224,1223.0,30,40,2
1579,1775872973.7250292,A,1222,1224,1223.0,30,40,2
1580,1775872973.725419,A,1222,1224,1223.0,30,40,2
1581,1775872973.72734,A,1222,1224,1223.0,30,40,2
1582,1775872973.7280488,A,1222,1224,1223.0,30,40,2
1583,1775872973.729067,A,1222,1224,1223.0,30,40,2
1584,1775872973.731543,A,1222,1225,1223.5,30,60,3
1585,1775872973.732793,A,1222,1225,1223.5,30,60,3
1586,1775872973.7329679,A,1222,1226,1224.0,30,80,4
1587,1775872973.733102,A,1222,1226,1224.0,30,80,4
1588,1775872973.733231,A,1222,1227,1224.5,30,100,5
1589,1775872973.9110599,A,1231,1227,1229.0,40,100,-4
1590,1775872973.9116569,A,1222,1227,1224.5,30,100,5
1591,1775872973.912066,A,1222,1227,1224.5,30,60,5
1592,1775872973.9122891,A,1222,1227,1224.5,30,60,5
1593,1775872973.913683,A,1230,1227,1228.5,60,60,-3
1594,1775872973.91403,A,1222,1227,1224.5,30,60,5
1595,1775872973.914219,A,1222,1230,1226.0,30,40,8
1596,1775872973.9161742,A,1222,1230,1226.0,30,40,8
1597,1775872973.917768,A,1229,1230,1229.5,80,40,1
1598,1775872973.9182122,A,1229,1230,1229.5,80,40,1
1599,1775872973.918493,A,1229,1230,1229.5,80,40,1
1600,1775872973.9197829,A,1229,1230,1229.5,80,40,1
1601,1775872973.921768,A,1229,1230,1229.5,80,40,1
1602,1775872973.922185,A,1229,1230,1229.5,80,40,1
1603,1775872973.9229581,A,1229,1231,1230.0,80,60,2
1604,1775872973.924007,A,1229,1231,1230.0,80,60,2
1605,1775872973.92416,A,1229,1232,1230.5,80,80,3
1606,1775872973.924311,A,1229,1232,1230.5,80,80,3
1607,1775872973.924635,A,1229,1233,1231.0,80,100,4
1608,1775872973.929346,A,1229,1233,1231.0,80,100,4
1609,1775872973.929444,A,1229,1233,1231.0,80,100,4
1610,1775872974.113423,A,1240,1233,1236.5,40,100,-7
1611,1775872974.114033,A,1229,1233,1231.0,80,100,4
1612,1775872974.114369,A,1229,1233,1231.0,80,60,4
1613,1775872974.115253,A,1229,1233,1231.0,80,60,4
1614,1775872974.116936,A,1239,1233,1236.0,60,60,-6
1615,1775872974.1173592,A,1229,1233,1231.0,80,60,4
1616,1775872974.117552,A,1229,1239,1234.0,80,40,10
1617,1775872974.1191401,A,1229,1239,1234.0,80,40,10
1618,1775872974.119606,A,1238,1239,1238.5,80,40,1
1619,1775872974.123509,A,1238,1239,1238.5,80,40,1
1620,1775872974.124,A,1238,1239,1238.5,80,40,1
1621,1775872974.124501,A,1238,1239,1238.5,80,40,1
1622,1775872974.124612,A,1238,1239,1238.5,80,40,1
1623,1775872974.126524,A,1238,1240,1239.0,80,60,2
1624,1775872974.1280892,A,1238,1241,1239.5,80,80,3
1625,1775872974.128448,A,1238,1241,1239.5,80,80,3
1626,1775872974.1292942,A,1238,1242,1240.0,80,100,4
1627,1775872974.310315,A,1247,1242,1244.5,40,100,-5
1628,1775872974.3107278,A,1238,1242,1240.0,80,100,4
1629,1775872974.3109279,A,1238,1242,1240.0,80,60,4
1630,1775872974.311126,A,1238,1242,1240.0,80,60,4
1631,1775872974.312313,A,1246,1242,1244.0,60,60,-4
1632,1775872974.3127308,A,1238,1242,1240.0,80,60,4
1633,1775872974.312948,A,1238,1248,1243.0,80,40,10
1634,1775872974.314589,A,1238,1248,1243.0,80,40,10
1635,1775872974.315244,A,1245,1248,1246.5,80,40,3
1636,1775872974.316098,A,1245,1248,1246.5,80,40,3
1637,1775872974.317081,A,1245,1248,1246.5,80,40,3
1638,1775872974.3184772,A,1245,1248,1246.5,80,40,3
1639,1775872974.319052,A,1245,1248,1246.5,80,40,3
1640,1775872974.319774,A,1245,1249,1247.0,80,60,4
1641,1775872974.320271,A,1245,1250,1247.5,80,80,5
1642,1775872974.322461,A,1245,1250,1247.5,80,80,5
1643,1775872974.323193,A,1245,1251,1248.0,80,100,6
1644,1775872974.505287,A,1247,1251,1249.0,40,100,4
1645,1775872974.510977,A,1247,1251,1249.0,40,100,4
1646,1775872974.512135,A,1247,1251,1249.0,40,100,4
1647,1775872974.512919,A,1247,1251,1249.0,40,100,4
1648,1775872974.51423,A,1247,1251,1249.0,40,100,4
1649,1775872974.516178,A,1247,1251,1249.0,40,100,4
1650,1775872974.5170329,A,1247,1251,1249.0,40,100,4
1651,1775872974.518385,A,1247,1251,1249.0,40,100,4
1652,1775872974.518641,A,1247,1251,1249.0,40,100,4
1653,1775872974.519117,A,1247,1255,1251.0,40,80,8
1654,1775872974.52177,A,1247,1255,1251.0,40,40,8
1655,1775872974.5223072,A,1247,1255,1251.0,40,40,8
1656,1775872974.522869,A,1247,1255,1251.0,40,40,8
1657,1775872974.523077,A,1247,1255,1251.0,40,40,8
1658,1775872974.708098,A,1247,1255,1251.0,40,40,8
1659,1775872974.70977,A,1247,1254,1250.5,40,40,7
1660,1775872974.714991,A,1247,1254,1250.5,40,40,7
1661,1775872974.71866,A,1247,1254,1250.5,40,40,7
1662,1775872974.719092,A,1247,1254,1250.5,40,40,7
1663,1775872974.721239,A,1247,1254,1250.5,40,40,7
1664,1775872974.721633,A,1247,1254,1250.5,40,40,7
1665,1775872974.721867,A,1247,1254,1250.5,40,40,7
1666,1775872974.722856,A,1247,1254,1250.5,40,40,7
1667,1775872974.723145,A,1247,1254,1250.5,40,40,7
1668,1775872974.72334,A,1246,1254,1250.0,100,40,8
1669,1775872974.7240052,A,1246,1254,1250.0,100,40,8
1670,1775872974.7248158,A,1246,1254,1250.0,40,40,8
1671,1775872974.7252119,A,1246,1254,1250.0,40,40,8
1672,1775872974.725944,A,1246,1254,1250.0,40,40,8
1673,1775872974.7261388,A,1246,1254,1250.0,40,40,8
1674,1775872974.90544,A,1246,1254,1250.0,40,40,8
1675,1775872974.9061859,A,1246,1252,1249.0,40,40,6
1676,1775872974.906611,A,1246,1252,1249.0,40,40,6
1677,1775872974.9075031,A,1246,1252,1249.0,40,40,6
1678,1775872974.912096,A,1246,1252,1249.0,40,40,6
1679,1775872974.9122581,A,1246,1252,1249.0,40,40,6
1680,1775872974.91426,A,1246,1252,1249.0,40,40,6
1681,1775872974.914561,A,1246,1252,1249.0,40,40,6
1682,1775872974.915184,A,1246,1252,1249.0,40,40,6
1683,1775872974.915458,A,1246,1252,1249.0,40,40,6
1684,1775872974.9163232,A,1245,1252,1248.5,60,40,7
1685,1775872974.9172359,A,1245,1252,1248.5,60,40,7
1686,1775872974.919421,A,1244,1252,1248.0,120,40,8
1687,1775872974.919563,A,1244,1252,1248.0,120,40,8
1688,1775872974.920269,A,1244,1252,1248.0,40,40,8
1689,1775872974.920754,A,1244,1252,1248.0,40,40,8
1690,1775872975.105995,A,1244,1252,1248.0,40,40,8
1691,1775872975.106365,A,1244,1250,1247.0,40,40,6
1692,1775872975.1103702,A,1244,1250,1247.0,40,40,6
1693,1775872975.111233,A,1244,1250,1247.0,40,40,6
1694,1775872975.1132789,A,1244,1250,1247.0,40,40,6
1695,1775872975.11505,A,1244,1250,1247.0,40,40,6
1696,1775872975.115694,A,1244,1250,1247.0,40,40,6
1697,1775872975.117358,A,1244,1250,1247.0,40,40,6
1698,1775872975.1189198,A,1244,1250,1247.0,40,40,6
1699,1775872975.120995,A,1244,1250,1247.0,40,40,6
1700,1775872975.121603,A,1243,1250,1246.5,60,40,7
1701,1775872975.122883,A,1243,1250,1246.5,60,40,7
1702,1775872975.124908,A,1242,1250,1246.0,120,40,8
1703,1775872975.125136,A,1242,1250,1246.0,120,40,8
1704,1775872975.126652,A,1242,1250,1246.0,40,40,8
1705,1775872975.1271172,A,1242,1250,1246.0,40,40,8
1706,1775872975.305876,A,1242,1250,1246.0,40,40,8
1707,1775872975.308193,A,1242,1247,1244.5,40,40,5
1708,1775872975.312787,A,1242,1247,1244.5,40,40,5
1709,1775872975.3131058,A,1242,1247,1244.5,40,40,5
1710,1775872975.31377,A,1242,1247,1244.5,40,40,5
1711,1775872975.318409,A,1242,1247,1244.5,40,40,5
1712,1775872975.3185868,A,1242,1247,1244.5,40,40,5
1713,1775872975.31953,A,1242,1247,1244.5,40,40,5
1714,1775872975.3198102,A,1242,1247,1244.5,40,40,5
1715,1775872975.32033,A,1242,1247,1244.5,40,40,5
1716,1775872975.320478,A,1241,1247,1244.0,60,40,6
1717,1775872975.3206441,A,1241,1247,1244.0,60,40,6
1718,1775872975.3215292,A,1240,1247,1243.5,80,40,7
1719,1775872975.3221319,A,1240,1247,1243.5,80,40,7
1720,1775872975.322283,A,1239,1247,1243.0,140,40,8
1721,1775872975.322835,A,1239,1247,1243.0,140,40,8
1722,1775872975.334395,A,1239,1242,1240.5,140,12,3
1723,1775872975.343675,A,1239,1247,1243.0,140,40,8
1724,1775872975.502451,A,1239,1239,1239.0,140,12,0
1725,1775872975.5034082,A,1239,1239,1239.0,128,12,0
1726,1775872975.503823,A,1239,1247,1243.0,128,40,8
1727,1775872975.506146,A,1239,1247,1243.0,168,40,8
1728,1775872975.511362,A,1239,1247,1243.0,168,80,8
1729,1775872975.514059,A,1239,1247,1243.0,168,80,8
1730,1775872975.5160582,A,1239,1247,1243.0,168,80,8
1731,1775872975.518516,A,1239,1247,1243.0,168,80,8
1732,1775872975.5197282,A,1239,1247,1243.0,168,80,8
1733,1775872975.520318,A,1239,1247,1243.0,168,80,8
1734,1775872975.521942,A,1239,1247,1243.0,168,80,8
1735,1775872975.5220668,A,1239,1247,1243.0,68,80,8
1736,1775872975.522292,A,1239,1247,1243.0,68,80,8
1737,1775872975.523017,A,1239,1247,1243.0,40,80,8
1738,1775872975.525156,A,1239,1247,1243.0,40,40,8
1739,1775872975.525287,A,1239,1247,1243.0,40,40,8
1740,1775872975.525423,A,1239,1247,1243.0,40,40,8
1741,1775872975.525707,A,1239,1247,1243.0,40,40,8
1742,1775872975.526031,A,1239,1247,1243.0,40,40,8
1743,1775872975.665644,A,1239,1239,1239.0,40,13,0
1744,1775872975.666393,A,1239,1239,1239.0,27,13,0
1745,1775872975.666798,A,1239,1247,1243.0,27,40,8
1746,1775872975.702483,A,1239,1239,1239.0,27,15,0
1747,1775872975.703058,A,1239,1239,1239.0,12,15,0
1748,1775872975.703351,A,1239,1247,1243.0,12,40,8
1749,1775872975.7038898,A,1241,1247,1244.0,40,40,6
1750,1775872975.709803,A,1241,1247,1244.0,40,40,6
1751,1775872975.7120461,A,1241,1247,1244.0,40,40,6
1752,1775872975.7153049,A,1241,1247,1244.0,40,40,6
1753,1775872975.716052,A,1241,1247,1244.0,40,40,6
1754,1775872975.718079,A,1241,1247,1244.0,40,40,6
1755,1775872975.7183318,A,1241,1247,1244.0,40,40,6
1756,1775872975.719645,A,1241,1247,1244.0,40,40,6
1757,1775872975.720671,A,1241,1247,1244.0,40,40,6
1758,1775872975.720902,A,1241,1247,1244.0,40,40,6
1759,1775872975.72303,A,1241,1247,1244.0,40,40,6
1760,1775872975.725402,A,1241,1248,1244.5,40,60,7
1761,1775872975.7258828,A,1241,1248,1244.5,40,60,7
1762,1775872975.7262578,A,1241,1249,1245.0,40,120,8
1763,1775872975.726387,A,1241,1249,1245.0,40,120,8
1764,1775872975.7266219,A,1241,1249,1245.0,40,40,8
1765,1775872975.910505,A,1245,1249,1247.0,40,40,4
1766,1775872975.913915,A,1245,1249,1247.0,40,40,4
1767,1775872975.915327,A,1245,1249,1247.0,40,40,4
1768,1775872975.915658,A,1245,1249,1247.0,40,40,4
1769,1775872975.92275,A,1245,1249,1247.0,40,40,4
1770,1775872975.923161,A,1245,1249,1247.0,40,40,4
1771,1775872975.9243991,A,1245,1249,1247.0,40,40,4
1772,1775872975.924547,A,1245,1249,1247.0,40,40,4
1773,1775872975.925567,A,1245,1249,1247.0,40,40,4
1774,1775872975.9262762,A,1245,1249,1247.0,40,40,4
1775,1775872975.926952,A,1245,1249,1247.0,40,40,4
1776,1775872975.927685,A,1245,1250,1247.5,40,60,5
1777,1775872975.9285939,A,1245,1250,1247.5,40,60,5
1778,1775872975.929615,A,1245,1251,1248.0,40,80,6
1779,1775872975.9298801,A,1245,1251,1248.0,40,80,6
1780,1775872975.9302652,A,1245,1252,1248.5,40,100,7
1781,1775872976.035507,A,1245,1245,1245.0,40,10,0
1782,1775872976.036306,A,1245,1245,1245.0,30,10,0
1783,1775872976.036698,A,1245,1252,1248.5,30,100,7
1784,1775872976.1056068,A,1245,1252,1248.5,70,100,7
1785,1775872976.1081228,A,1245,1252,1248.5,70,100,7
1786,1775872976.111007,A,1245,1252,1248.5,70,100,7
1787,1775872976.111819,A,1245,1252,1248.5,70,100,7
1788,1775872976.115367,A,1245,1252,1248.5,70,100,7
1789,1775872976.117413,A,1245,1252,1248.5,70,100,7
1790,1775872976.117995,A,1245,1252,1248.5,70,100,7
1791,1775872976.118176,A,1245,1252,1248.5,70,100,7
1792,1775872976.11973,A,1245,1252,1248.5,70,100,7
1793,1775872976.120915,A,1245,1253,1249.0,70,80,8
1794,1775872976.121701,A,1245,1253,1249.0,40,80,8
1795,1775872976.121807,A,1245,1253,1249.0,40,40,8
1796,1775872976.1221771,A,1245,1253,1249.0,40,40,8
1797,1775872976.122886,A,1245,1253,1249.0,40,40,8
1798,1775872976.1233249,A,1245,1253,1249.0,40,40,8
1799,1775872976.12368,A,1245,1253,1249.0,40,40,8
1800,1775872976.3050969,A,1250,1253,1251.5,40,40,3
1801,1775872976.307766,A,1250,1253,1251.5,40,40,3
1802,1775872976.310066,A,1250,1253,1251.5,40,40,3
1803,1775872976.314314,A,1250,1253,1251.5,40,40,3
1804,1775872976.315861,A,1250,1253,1251.5,40,40,3
1805,1775872976.3163588,A,1250,1253,1251.5,40,40,3
1806,1775872976.317296,A,1250,1253,1251.5,40,40,3
1807,1775872976.318123,A,1250,1253,1251.5,40,40,3
1808,1775872976.319092,A,1250,1253,1251.5,40,40,3
1809,1775872976.320684,A,1250,1253,1251.5,40,40,3
1810,1775872976.320951,A,1250,1253,1251.5,40,40,3
1811,1775872976.3211572,A,1250,1254,1252.0,40,60,4
1812,1775872976.322037,A,1250,1254,1252.0,40,60,4
1813,1775872976.322316,A,1250,1255,1252.5,40,80,5
1814,1775872976.324301,A,1250,1255,1252.5,40,80,5
1815,1775872976.324618,A,1250,1256,1253.0,40,100,6
1816,1775872976.507006,A,1250,1256,1253.0,80,100,6
1817,1775872976.507367,A,1250,1256,1253.0,80,100,6
1818,1775872976.5098329,A,1250,1256,1253.0,80,100,6
1819,1775872976.510827,A,1250,1256,1253.0,80,100,6
1820,1775872976.511138,A,1250,1256,1253.0,80,100,6
1821,1775872976.515979,A,1250,1256,1253.0,80,100,6
1822,1775872976.5162141,A,1250,1256,1253.0,80,100,6
1823,1775872976.517987,A,1250,1256,1253.0,80,100,6
1824,1775872976.518815,A,1250,1256,1253.0,80,100,6
1825,1775872976.519219,A,1250,1258,1254.0,80,80,8
1826,1775872976.519595,A,1250,1258,1254.0,40,80,8
1827,1775872976.522254,A,1250,1258,1254.0,40,40,8
1828,1775872976.52292,A,1250,1258,1254.0,40,40,8
1829,1775872976.5233269,A,1250,1258,1254.0,40,40,8
1830,1775872976.523998,A,1250,1258,1254.0,40,40,8
1831,1775872976.526839,A,1250,1258,1254.0,40,40,8
1832,1775872976.706389,A,1250,1258,1254.0,40,40,8
1833,1775872976.708276,A,1250,1256,1253.0,40,40,6
1834,1775872976.7109098,A,1250,1256,1253.0,40,40,6
1835,1775872976.713314,A,1250,1256,1253.0,40,40,6
1836,1775872976.715414,A,1250,1256,1253.0,40,40,6
1837,1775872976.716533,A,1250,1256,1253.0,40,40,6
1838,1775872976.717091,A,1250,1256,1253.0,40,40,6
1839,1775872976.7182531,A,1250,1256,1253.0,40,40,6
1840,1775872976.7184372,A,1250,1256,1253.0,40,40,6
1841,1775872976.718986,A,1250,1256,1253.0,40,40,6
1842,1775872976.719382,A,1249,1256,1252.5,60,40,7
1843,1775872976.720611,A,1249,1256,1252.5,60,40,7
1844,1775872976.720905,A,1248,1256,1252.0,120,40,8
1845,1775872976.721211,A,1248,1256,1252.0,120,40,8
1846,1775872976.721322,A,1248,1256,1252.0,40,40,8
1847,1775872976.721434,A,1248,1256,1252.0,40,40,8
1848,1775872976.903672,A,1249,1256,1252.5,40,40,7
1849,1775872976.904313,A,1249,1256,1252.5,40,40,7
1850,1775872976.906129,A,1249,1256,1252.5,40,40,7
1851,1775872976.90808,A,1249,1256,1252.5,40,40,7
1852,1775872976.909709,A,1249,1256,1252.5,40,40,7
1853,1775872976.91215,A,1249,1256,1252.5,40,40,7
1854,1775872976.9145842,A,1249,1256,1252.5,40,40,7
1855,1775872976.9185321,A,1249,1256,1252.5,40,40,7
1856,1775872976.918692,A,1249,1256,1252.5,40,40,7
1857,1775872976.918838,A,1249,1256,1252.5,40,40,7
1858,1775872976.9208262,A,1249,1256,1252.5,40,40,7
1859,1775872976.921083,A,1249,1257,1253.0,40,100,8
1860,1775872976.922128,A,1249,1257,1253.0,40,100,8
1861,1775872976.922356,A,1249,1257,1253.0,40,40,8
1862,1775872976.9250612,A,1249,1257,1253.0,40,40,8
1863,1775872976.925954,A,1249,1257,1253.0,40,40,8
1864,1775872976.978345,A,1249,1248,1248.5,40,10,-1
1865,1775872976.979284,A,1249,1248,1248.5,30,10,-1
1866,1775872976.979688,A,1249,1257,1253.0,30,40,8
1867,1775872977.1087842,A,1251,1257,1254.0,40,40,6
1868,1775872977.111003,A,1251,1257,1254.0,40,40,6
1869,1775872977.111327,A,1251,1257,1254.0,40,40,6
1870,1775872977.113145,A,1251,1257,1254.0,40,40,6
1871,1775872977.114965,A,1251,1257,1254.0,40,40,6
1872,1775872977.115626,A,1251,1257,1254.0,40,40,6
1873,1775872977.117667,A,1251,1257,1254.0,40,40,6
1874,1775872977.119406,A,1251,1257,1254.0,40,40,6
1875,1775872977.121433,A,1251,1257,1254.0,40,40,6
1876,1775872977.1219342,A,1251,1257,1254.0,40,40,6
1877,1775872977.122197,A,1251,1257,1254.0,40,40,6
1878,1775872977.122807,A,1251,1258,1254.5,40,60,7
1879,1775872977.122987,A,1251,1258,1254.5,40,60,7
1880,1775872977.1231291,A,1251,1259,1255.0,40,120,8
1881,1775872977.123513,A,1251,1259,1255.0,40,120,8
1882,1775872977.123934,A,1251,1259,1255.0,40,40,8
1883,1775872977.1812851,A,1251,1251,1251.0,40,10,0
1884,1775872977.1819148,A,1251,1251,1251.0,30,10,0
1885,1775872977.182241,A,1251,1259,1255.0,30,40,8
1886,1775872977.305503,A,1251,1259,1255.0,30,40,8
1887,1775872977.313332,A,1251,1258,1254.5,30,40,7
1888,1775872977.316019,A,1251,1258,1254.5,30,40,7
1889,1775872977.316556,A,1251,1258,1254.5,30,40,7
1890,1775872977.316958,A,1251,1258,1254.5,30,40,7
1891,1775872977.318444,A,1251,1258,1254.5,30,40,7
1892,1775872977.3214269,A,1251,1258,1254.5,30,40,7
1893,1775872977.3221319,A,1251,1258,1254.5,30,40,7
1894,1775872977.323017,A,1251,1258,1254.5,30,40,7
1895,1775872977.323349,A,1251,1258,1254.5,30,40,7
1896,1775872977.325569,A,1250,1258,1254.0,100,40,8
1897,1775872977.3269372,A,1250,1258,1254.0,100,40,8
1898,1775872977.327157,A,1250,1258,1254.0,40,40,8
1899,1775872977.327332,A,1250,1258,1254.0,40,40,8
1900,1775872977.3275058,A,1250,1258,1254.0,40,40,8
1901,1775872977.327688,A,1250,1258,1254.0,40,40,8
1902,1775872977.506599,A,1253,1258,1255.5,40,40,5
1903,1775872977.509969,A,1253,1258,1255.5,40,40,5
1904,1775872977.5125601,A,1253,1258,1255.5,40,40,5
1905,1775872977.512925,A,1253,1258,1255.5,40,40,5
1906,1775872977.513768,A,1253,1258,1255.5,40,40,5
1907,1775872977.518019,A,1253,1258,1255.5,40,40,5
1908,1775872977.518363,A,1253,1258,1255.5,40,40,5
1909,1775872977.520658,A,1253,1258,1255.5,40,40,5
1910,1775872977.521982,A,1253,1258,1255.5,40,40,5
1911,1775872977.5224168,A,1253,1258,1255.5,40,40,5
1912,1775872977.522762,A,1253,1258,1255.5,40,40,5
1913,1775872977.523274,A,1253,1259,1256.0,40,60,6
1914,1775872977.525842,A,1253,1259,1256.0,40,60,6
1915,1775872977.526353,A,1253,1260,1256.5,40,80,7
1916,1775872977.528775,A,1253,1260,1256.5,40,80,7
1917,1775872977.5305789,A,1253,1261,1257.0,40,140,8
1918,1775872977.5528011,A,1253,1253,1253.0,40,10,0
1919,1775872977.553162,A,1253,1253,1253.0,30,10,0
1920,1775872977.553354,A,1253,1261,1257.0,30,140,8
1921,1775872977.710211,A,1253,1261,1257.0,30,140,8
1922,1775872977.713231,A,1253,1257,1255.0,30,40,4
1923,1775872977.714619,A,1253,1257,1255.0,30,40,4
1924,1775872977.715585,A,1253,1257,1255.0,30,40,4
1925,1775872977.721761,A,1253,1257,1255.0,30,40,4
1926,1775872977.722023,A,1253,1257,1255.0,30,40,4
1927,1775872977.723549,A,1253,1257,1255.0,30,40,4
1928,1775872977.723685,A,1253,1257,1255.0,30,40,4
1929,1775872977.724065,A,1253,1257,1255.0,30,40,4
1930,1775872977.724202,A,1253,1257,1255.0,30,40,4
1931,1775872977.726337,A,1252,1257,1254.5,60,40,5
1932,1775872977.7270331,A,1252,1257,1254.5,60,40,5
1933,1775872977.7274408,A,1251,1257,1254.0,80,40,6
1934,1775872977.727987,A,1251,1257,1254.0,80,40,6
1935,1775872977.728828,A,1250,1257,1253.5,100,40,7
1936,1775872977.729954,A,1250,1257,1253.5,100,40,7
1937,1775872977.907373,A,1250,1257,1253.5,140,40,7
1938,1775872977.90797,A,1250,1257,1253.5,140,40,7
1939,1775872977.908733,A,1250,1257,1253.5,140,40,7
1940,1775872977.91375,A,1250,1257,1253.5,140,40,7
1941,1775872977.915562,A,1250,1257,1253.5,140,40,7
1942,1775872977.915881,A,1250,1257,1253.5,140,40,7
1943,1775872977.917923,A,1250,1257,1253.5,140,40,7
1944,1775872977.9186518,A,1250,1257,1253.5,140,40,7
1945,1775872977.920505,A,1250,1257,1253.5,40,40,7
1946,1775872977.9211352,A,1250,1257,1253.5,40,40,7
1947,1775872977.921889,A,1250,1257,1253.5,40,40,7
1948,1775872977.922086,A,1250,1258,1254.0,40,100,8
1949,1775872977.922372,A,1250,1258,1254.0,40,100,8
1950,1775872977.9225721,A,1250,1258,1254.0,40,40,8
1951,1775872977.922783,A,1250,1258,1254.0,40,40,8
1952,1775872977.922892,A,1250,1258,1254.0,40,40,8
1953,1775872978.10524,A,1250,1258,1254.0,40,40,8
1954,1775872978.105854,A,1250,1255,1252.5,40,40,5
1955,1775872978.106252,A,1250,1255,1252.5,40,40,5
1956,1775872978.1068668,A,1250,1255,1252.5,40,40,5
1957,1775872978.107711,A,1250,1255,1252.5,40,40,5
1958,1775872978.111819,A,1250,1255,1252.5,40,40,5
1959,1775872978.113651,A,1250,1255,1252.5,40,40,5
1960,1775872978.11606,A,1250,1255,1252.5,40,40,5
1961,1775872978.11653,A,1250,1255,1252.5,40,40,5
1962,1775872978.1177962,A,1250,1255,1252.5,40,40,5
1963,1775872978.118623,A,1249,1255,1252.0,60,40,6
1964,1775872978.1190631,A,1249,1255,1252.0,60,40,6
1965,1775872978.119488,A,1248,1255,1251.5,80,40,7
1966,1775872978.120244,A,1248,1255,1251.5,80,40,7
1967,1775872978.120966,A,1247,1255,1251.0,140,40,8
1968,1775872978.1213372,A,1247,1255,1251.0,140,40,8
1969,1775872978.1366038,A,1247,1250,1248.5,140,10,3
1970,1775872978.1367412,A,1247,1255,1251.0,140,40,8
1971,1775872978.176182,A,1247,1247,1247.0,140,10,0
1972,1775872978.176651,A,1247,1247,1247.0,130,10,0
