tick_num,wall_time_s,symbol,best_bid,best_ask,mid,bid_size,ask_size,spread
1,1775752964.732733,A,1170,1176,1173.0,38,38,6
2,1775752964.734773,A,1170,1176,1173.0,38,38,6
3,1775752964.736354,A,1170,1175,1172.5,38,38,5
4,1775752964.7370281,A,1170,1175,1172.5,38,38,5
5,1775752964.7371688,A,1170,1175,1172.5,38,38,5
6,1775752964.737321,A,1170,1175,1172.5,38,38,5
7,1775752964.737796,A,1170,1175,1172.5,38,38,5
8,1775752964.7383301,A,1170,1175,1172.5,38,38,5
9,1775752964.738644,A,1170,1175,1172.5,38,38,5
10,1775752964.738781,A,1170,1175,1172.5,38,38,5
11,1775752964.738964,A,1170,1175,1172.5,38,38,5
12,1775752964.73919,A,1169,1175,1172.0,94,38,6
13,1775752964.739371,A,1169,1175,1172.0,94,38,6
14,1775752964.739553,A,1169,1175,1172.0,38,38,6
15,1775752964.739775,A,1169,1175,1172.0,38,38,6
16,1775752964.739954,A,1169,1175,1172.0,38,38,6
17,1775752964.7404459,A,1169,1175,1172.0,38,38,6
18,1775752964.9321039,A,1171,1175,1173.0,38,38,4
19,1775752964.934091,A,1171,1175,1173.0,38,38,4
20,1775752964.93479,A,1171,1175,1173.0,38,38,4
21,1775752964.9352808,A,1171,1175,1173.0,38,38,4
22,1775752964.935682,A,1171,1175,1173.0,38,38,4
23,1775752964.936676,A,1171,1175,1173.0,38,38,4
24,1775752964.936934,A,1171,1175,1173.0,38,38,4
25,1775752964.938842,A,1171,1175,1173.0,38,38,4
26,1775752964.940297,A,1171,1175,1173.0,38,38,4
27,1775752964.940487,A,1171,1175,1173.0,38,38,4
28,1775752964.942347,A,1171,1175,1173.0,38,38,4
29,1775752964.942524,A,1171,1176,1173.5,38,56,5
30,1775752964.9433842,A,1171,1176,1173.5,38,56,5
31,1775752964.943882,A,1171,1177,1174.0,38,112,6
32,1775752964.944044,A,1171,1177,1174.0,38,112,6
33,1775752964.946385,A,1171,1177,1174.0,38,38,6
34,1775752965.131954,A,1171,1177,1174.0,38,38,6
35,1775752965.134449,A,1171,1175,1173.0,38,38,4
36,1775752965.135833,A,1171,1175,1173.0,38,38,4
37,1775752965.136638,A,1171,1175,1173.0,38,38,4
38,1775752965.137444,A,1171,1175,1173.0,38,38,4
39,1775752965.1376052,A,1171,1175,1173.0,38,38,4
40,1775752965.1378639,A,1171,1175,1173.0,38,38,4
41,1775752965.138964,A,1171,1175,1173.0,38,38,4
42,1775752965.1413498,A,1171,1175,1173.0,38,38,4
43,1775752965.1422641,A,1171,1175,1173.0,38,38,4
44,1775752965.1437361,A,1170,1175,1172.5,56,38,5
45,1775752965.14513,A,1170,1175,1172.5,56,38,5
46,1775752965.145907,A,1169,1175,1172.0,112,38,6
47,1775752965.149256,A,1169,1175,1172.0,112,38,6
48,1775752965.149547,A,1169,1175,1172.0,38,38,6
49,1775752965.149921,A,1169,1175,1172.0,38,38,6
50,1775752965.334964,A,1169,1175,1172.0,76,38,6
51,1775752965.335614,A,1169,1175,1172.0,76,76,6
52,1775752965.335961,A,1169,1175,1172.0,76,76,6
53,1775752965.337195,A,1169,1175,1172.0,76,76,6
54,1775752965.337944,A,1169,1175,1172.0,76,76,6
55,1775752965.3381069,A,1169,1175,1172.0,76,76,6
56,1775752965.3385642,A,1169,1175,1172.0,76,76,6
57,1775752965.340829,A,1169,1175,1172.0,76,76,6
58,1775752965.34319,A,1169,1175,1172.0,76,76,6
59,1775752965.3442612,A,1169,1175,1172.0,76,76,6
60,1775752965.346414,A,1169,1175,1172.0,38,76,6
61,1775752965.346699,A,1169,1175,1172.0,38,38,6
62,1775752965.347411,A,1169,1175,1172.0,38,38,6
63,1775752965.347589,A,1169,1175,1172.0,38,38,6
64,1775752965.348054,A,1169,1175,1172.0,38,38,6
65,1775752965.348332,A,1169,1175,1172.0,38,38,6
66,1775752965.532419,A,1169,1175,1172.0,76,38,6
67,1775752965.53692,A,1169,1175,1172.0,76,76,6
68,1775752965.537833,A,1169,1175,1172.0,76,76,6
69,1775752965.538353,A,1169,1175,1172.0,76,76,6
70,1775752965.53909,A,1169,1175,1172.0,76,76,6
71,1775752965.539824,A,1169,1175,1172.0,76,76,6
72,1775752965.539967,A,1169,1175,1172.0,76,76,6
73,1775752965.541141,A,1169,1175,1172.0,76,76,6
74,1775752965.541547,A,1169,1175,1172.0,76,76,6
75,1775752965.542984,A,1169,1175,1172.0,76,76,6
76,1775752965.543354,A,1169,1175,1172.0,38,76,6
77,1775752965.544557,A,1169,1175,1172.0,38,38,6
78,1775752965.546582,A,1169,1175,1172.0,38,38,6
79,1775752965.5471518,A,1169,1175,1172.0,38,38,6
80,1775752965.5490088,A,1169,1175,1172.0,38,38,6
81,1775752965.549336,A,1169,1175,1172.0,38,38,6
82,1775752965.742892,A,1172,1175,1173.5,38,38,3
83,1775752965.743098,A,1172,1175,1173.5,38,38,3
84,1775752965.7452438,A,1172,1175,1173.5,38,38,3
85,1775752965.745882,A,1172,1175,1173.5,38,38,3
86,1775752965.746712,A,1172,1175,1173.5,38,38,3
87,1775752965.747113,A,1172,1175,1173.5,38,38,3
88,1775752965.7478201,A,1172,1175,1173.5,38,38,3
89,1775752965.749082,A,1172,1175,1173.5,38,38,3
90,1775752965.7492712,A,1172,1175,1173.5,38,38,3
91,1775752965.749842,A,1172,1175,1173.5,38,38,3
92,1775752965.750032,A,1172,1175,1173.5,38,38,3
93,1775752965.75103,A,1172,1176,1174.0,38,56,4
94,1775752965.7512288,A,1172,1176,1174.0,38,56,4
95,1775752965.752449,A,1172,1177,1174.5,38,74,5
96,1775752965.7529001,A,1172,1177,1174.5,38,74,5
97,1775752965.752984,A,1172,1178,1175.0,38,130,6
98,1775752965.932148,A,1173,1178,1175.5,38,130,5
99,1775752965.933759,A,1173,1178,1175.5,38,130,5
100,1775752965.936853,A,1173,1178,1175.5,38,130,5
101,1775752965.939907,A,1173,1178,1175.5,38,130,5
102,1775752965.940065,A,1173,1178,1175.5,38,130,5
103,1775752965.940216,A,1173,1178,1175.5,38,130,5
104,1775752965.9407518,A,1173,1178,1175.5,38,130,5
105,1775752965.941671,A,1173,1178,1175.5,38,130,5
106,1775752965.941867,A,1173,1178,1175.5,38,130,5
107,1775752965.9422321,A,1173,1178,1175.5,38,38,5
108,1775752965.942975,A,1173,1178,1175.5,38,38,5
109,1775752965.94308,A,1173,1179,1176.0,38,94,6
110,1775752965.943584,A,1173,1179,1176.0,38,94,6
111,1775752965.9453912,A,1173,1179,1176.0,38,38,6
112,1775752965.945573,A,1173,1179,1176.0,38,38,6
113,1775752965.946647,A,1173,1179,1176.0,38,38,6
114,1775752966.135395,A,1174,1179,1176.5,38,38,5
115,1775752966.136136,A,1174,1179,1176.5,38,38,5
116,1775752966.138541,A,1174,1179,1176.5,38,38,5
117,1775752966.1402361,A,1174,1179,1176.5,38,38,5
118,1775752966.140687,A,1174,1179,1176.5,38,38,5
119,1775752966.140919,A,1174,1179,1176.5,38,38,5
120,1775752966.14116,A,1174,1179,1176.5,38,38,5
121,1775752966.141461,A,1174,1179,1176.5,38,38,5
122,1775752966.1419609,A,1174,1179,1176.5,38,38,5
123,1775752966.1421802,A,1174,1179,1176.5,38,38,5
124,1775752966.1422799,A,1174,1179,1176.5,38,38,5
125,1775752966.142358,A,1174,1180,1177.0,38,94,6
126,1775752966.1424372,A,1174,1180,1177.0,38,94,6
127,1775752966.142515,A,1174,1180,1177.0,38,38,6
128,1775752966.142663,A,1174,1180,1177.0,38,38,6
129,1775752966.142946,A,1174,1180,1177.0,38,38,6
130,1775752966.3397372,A,1174,1180,1177.0,38,38,6
131,1775752966.341642,A,1174,1179,1176.5,38,38,5
132,1775752966.342253,A,1174,1179,1176.5,38,38,5
133,1775752966.342466,A,1174,1179,1176.5,38,38,5
134,1775752966.342716,A,1174,1179,1176.5,38,38,5
135,1775752966.342997,A,1174,1179,1176.5,38,38,5
136,1775752966.34355,A,1174,1179,1176.5,38,38,5
137,1775752966.344278,A,1174,1179,1176.5,38,38,5
138,1775752966.345115,A,1174,1179,1176.5,38,38,5
139,1775752966.34671,A,1174,1179,1176.5,38,38,5
140,1775752966.346994,A,1173,1179,1176.0,94,38,6
141,1775752966.347104,A,1173,1179,1176.0,94,38,6
142,1775752966.347527,A,1173,1179,1176.0,38,38,6
143,1775752966.347635,A,1173,1179,1176.0,38,38,6
144,1775752966.347998,A,1173,1179,1176.0,38,38,6
145,1775752966.3481002,A,1173,1179,1176.0,38,38,6
146,1775752966.56636,A,1174,1179,1176.5,38,38,5
147,1775752966.566537,A,1174,1179,1176.5,38,38,5
148,1775752966.567111,A,1174,1179,1176.5,38,38,5
149,1775752966.5672379,A,1174,1179,1176.5,38,38,5
150,1775752966.567374,A,1174,1179,1176.5,38,38,5
151,1775752966.568095,A,1174,1179,1176.5,38,38,5
152,1775752966.5682209,A,1174,1179,1176.5,38,38,5
153,1775752966.569289,A,1174,1179,1176.5,38,38,5
154,1775752966.569408,A,1174,1179,1176.5,38,38,5
155,1775752966.5695229,A,1174,1179,1176.5,38,38,5
156,1775752966.5703921,A,1174,1179,1176.5,38,38,5
157,1775752966.570786,A,1174,1180,1177.0,38,94,6
158,1775752966.570993,A,1174,1180,1177.0,38,94,6
159,1775752966.5713,A,1174,1180,1177.0,38,38,6
160,1775752966.571411,A,1174,1180,1177.0,38,38,6
161,1775752966.5747,A,1174,1180,1177.0,38,38,6
162,1775752966.727322,A,1174,1180,1177.0,76,38,6
163,1775752966.727699,A,1174,1180,1177.0,76,76,6
164,1775752966.728071,A,1174,1180,1177.0,76,76,6
165,1775752966.72817,A,1174,1180,1177.0,76,76,6
166,1775752966.728338,A,1174,1180,1177.0,76,76,6
167,1775752966.728383,A,1174,1180,1177.0,76,76,6
168,1775752966.728584,A,1174,1180,1177.0,76,76,6
169,1775752966.72879,A,1174,1180,1177.0,76,76,6
170,1775752966.7288902,A,1174,1180,1177.0,76,76,6
171,1775752966.72893,A,1174,1180,1177.0,76,76,6
172,1775752966.729033,A,1174,1180,1177.0,38,76,6
173,1775752966.7292302,A,1174,1180,1177.0,38,38,6
174,1775752966.729674,A,1174,1180,1177.0,38,38,6
175,1775752966.729712,A,1174,1180,1177.0,38,38,6
176,1775752966.729981,A,1174,1180,1177.0,38,38,6
177,1775752966.730329,A,1174,1180,1177.0,38,38,6
178,1775752966.9296372,A,1176,1180,1178.0,38,38,4
179,1775752966.929976,A,1176,1180,1178.0,38,38,4
180,1775752966.93054,A,1176,1180,1178.0,38,38,4
181,1775752966.930877,A,1176,1180,1178.0,38,38,4
182,1775752966.931435,A,1176,1180,1178.0,38,38,4
183,1775752966.931673,A,1176,1180,1178.0,38,38,4
184,1775752966.932278,A,1176,1180,1178.0,38,38,4
185,1775752966.932876,A,1176,1180,1178.0,38,38,4
186,1775752966.933036,A,1176,1180,1178.0,38,38,4
187,1775752966.93312,A,1176,1180,1178.0,38,38,4
188,1775752966.9333582,A,1176,1180,1178.0,38,38,4
189,1775752966.935242,A,1176,1181,1178.5,38,56,5
190,1775752966.935623,A,1176,1181,1178.5,38,56,5
191,1775752966.936007,A,1176,1182,1179.0,38,112,6
192,1775752966.936089,A,1176,1182,1179.0,38,112,6
193,1775752966.9363258,A,1176,1182,1179.0,38,38,6
194,1775752967.1300008,A,1178,1182,1180.0,38,38,4
195,1775752967.1313212,A,1178,1182,1180.0,38,38,4
196,1775752967.133271,A,1178,1182,1180.0,38,38,4
197,1775752967.1357162,A,1178,1182,1180.0,38,38,4
198,1775752967.136387,A,1178,1182,1180.0,38,38,4
199,1775752967.137063,A,1178,1182,1180.0,38,38,4
200,1775752967.138319,A,1178,1182,1180.0,38,38,4
201,1775752967.1395462,A,1178,1182,1180.0,38,38,4
202,1775752967.1399748,A,1178,1182,1180.0,38,38,4
203,1775752967.140631,A,1178,1182,1180.0,38,38,4
204,1775752967.1408262,A,1178,1182,1180.0,38,38,4
205,1775752967.1410198,A,1178,1183,1180.5,38,56,5
206,1775752967.141567,A,1178,1183,1180.5,38,56,5
207,1775752967.1417558,A,1178,1184,1181.0,38,112,6
208,1775752967.142962,A,1178,1184,1181.0,38,112,6
209,1775752967.143137,A,1178,1184,1181.0,38,38,6
210,1775752967.3277981,A,1178,1184,1181.0,38,38,6
211,1775752967.329,A,1178,1180,1179.0,38,38,2
212,1775752967.334288,A,1178,1180,1179.0,38,38,2
213,1775752967.334628,A,1178,1180,1179.0,38,38,2
214,1775752967.334938,A,1178,1180,1179.0,38,38,2
215,1775752967.335985,A,1178,1180,1179.0,38,38,2
216,1775752967.336149,A,1178,1180,1179.0,38,38,2
217,1775752967.337951,A,1178,1180,1179.0,38,38,2
218,1775752967.338528,A,1178,1180,1179.0,38,38,2
219,1775752967.3393412,A,1178,1180,1179.0,38,38,2
220,1775752967.339721,A,1177,1180,1178.5,56,38,3
221,1775752967.343227,A,1177,1180,1178.5,56,38,3
222,1775752967.3435972,A,1176,1180,1178.0,74,38,4
223,1775752967.344136,A,1176,1180,1178.0,74,38,4
224,1775752967.3444328,A,1175,1180,1177.5,92,38,5
225,1775752967.345195,A,1175,1180,1177.5,92,38,5
226,1775752967.531235,A,1175,1180,1177.5,92,38,5
227,1775752967.531709,A,1175,1180,1177.5,92,76,5
228,1775752967.532154,A,1175,1180,1177.5,92,76,5
229,1775752967.532507,A,1175,1180,1177.5,92,76,5
230,1775752967.5336971,A,1175,1180,1177.5,92,76,5
231,1775752967.53738,A,1175,1180,1177.5,92,76,5
232,1775752967.537924,A,1175,1180,1177.5,92,76,5
233,1775752967.540429,A,1175,1180,1177.5,92,76,5
234,1775752967.541028,A,1174,1180,1177.0,76,76,6
235,1775752967.541354,A,1174,1180,1177.0,76,76,6
236,1775752967.541779,A,1174,1180,1177.0,38,76,6
237,1775752967.54337,A,1174,1180,1177.0,38,38,6
238,1775752967.544699,A,1174,1180,1177.0,38,38,6
239,1775752967.54479,A,1174,1180,1177.0,38,38,6
240,1775752967.5460129,A,1174,1180,1177.0,38,38,6
241,1775752967.54614,A,1174,1180,1177.0,38,38,6
242,1775752967.7301528,A,1174,1180,1177.0,38,38,6
243,1775752967.733015,A,1174,1178,1176.0,38,38,4
244,1775752967.7337291,A,1174,1178,1176.0,38,38,4
245,1775752967.735275,A,1174,1178,1176.0,38,38,4
246,1775752967.736258,A,1174,1178,1176.0,38,38,4
247,1775752967.736812,A,1174,1178,1176.0,38,38,4
248,1775752967.7387142,A,1174,1178,1176.0,38,38,4
249,1775752967.7394078,A,1174,1178,1176.0,38,38,4
250,1775752967.740361,A,1174,1178,1176.0,38,38,4
251,1775752967.7420218,A,1174,1178,1176.0,38,38,4
252,1775752967.742102,A,1173,1178,1175.5,56,38,5
253,1775752967.743424,A,1173,1178,1175.5,56,38,5
254,1775752967.743864,A,1172,1178,1175.0,112,38,6
255,1775752967.743946,A,1172,1178,1175.0,112,38,6
256,1775752967.744315,A,1172,1178,1175.0,38,38,6
257,1775752967.744469,A,1172,1178,1175.0,38,38,6
258,1775752967.93229,A,1174,1178,1176.0,38,38,4
259,1775752967.932477,A,1174,1178,1176.0,38,38,4
260,1775752967.9333289,A,1174,1178,1176.0,38,38,4
261,1775752967.933632,A,1174,1178,1176.0,38,38,4
262,1775752967.934728,A,1174,1178,1176.0,38,38,4
263,1775752967.934889,A,1174,1178,1176.0,38,38,4
264,1775752967.935318,A,1174,1178,1176.0,38,38,4
265,1775752967.935619,A,1174,1178,1176.0,38,38,4
266,1775752967.9370828,A,1174,1178,1176.0,38,38,4
267,1775752967.937354,A,1174,1178,1176.0,38,38,4
268,1775752967.937695,A,1174,1178,1176.0,38,38,4
269,1775752967.938045,A,1174,1179,1176.5,38,56,5
270,1775752967.939281,A,1174,1179,1176.5,38,56,5
271,1775752967.939379,A,1174,1180,1177.0,38,112,6
272,1775752967.939476,A,1174,1180,1177.0,38,112,6
273,1775752967.94005,A,1174,1180,1177.0,38,38,6
274,1775752968.137932,A,1174,1180,1177.0,38,38,6
275,1775752968.138614,A,1174,1178,1176.0,38,38,4
276,1775752968.139869,A,1174,1178,1176.0,38,38,4
277,1775752968.140159,A,1174,1178,1176.0,38,38,4
278,1775752968.140838,A,1174,1178,1176.0,38,38,4
279,1775752968.1417558,A,1174,1178,1176.0,38,38,4
280,1775752968.142312,A,1174,1178,1176.0,38,38,4
281,1775752968.143112,A,1174,1178,1176.0,38,38,4
282,1775752968.1454341,A,1174,1178,1176.0,38,38,4
283,1775752968.146624,A,1174,1178,1176.0,38,38,4
284,1775752968.14722,A,1173,1178,1175.5,56,38,5
285,1775752968.147435,A,1173,1178,1175.5,56,38,5
286,1775752968.147756,A,1172,1178,1175.0,112,38,6
287,1775752968.1494348,A,1172,1178,1175.0,112,38,6
288,1775752968.151499,A,1172,1178,1175.0,38,38,6
289,1775752968.153137,A,1172,1178,1175.0,38,38,6
290,1775752968.3307571,A,1173,1178,1175.5,38,38,5
291,1775752968.336564,A,1173,1178,1175.5,38,38,5
292,1775752968.337128,A,1173,1178,1175.5,38,38,5
293,1775752968.340735,A,1173,1178,1175.5,38,38,5
294,1775752968.341265,A,1173,1178,1175.5,38,38,5
295,1775752968.341533,A,1173,1178,1175.5,38,38,5
296,1775752968.344307,A,1173,1178,1175.5,38,38,5
297,1775752968.345424,A,1173,1178,1175.5,38,38,5
298,1775752968.346401,A,1173,1178,1175.5,38,38,5
299,1775752968.3472362,A,1173,1178,1175.5,38,38,5
300,1775752968.347426,A,1173,1178,1175.5,38,38,5
301,1775752968.347671,A,1173,1179,1176.0,38,94,6
302,1775752968.349538,A,1173,1179,1176.0,38,94,6
303,1775752968.350252,A,1173,1179,1176.0,38,38,6
304,1775752968.350713,A,1173,1179,1176.0,38,38,6
305,1775752968.3522592,A,1173,1179,1176.0,38,38,6
306,1775752968.529758,A,1175,1179,1177.0,38,38,4
307,1775752968.5346198,A,1175,1179,1177.0,38,38,4
308,1775752968.535445,A,1175,1179,1177.0,38,38,4
309,1775752968.5378718,A,1175,1179,1177.0,38,38,4
310,1775752968.5390599,A,1175,1179,1177.0,38,38,4
311,1775752968.540031,A,1175,1179,1177.0,38,38,4
312,1775752968.54032,A,1175,1179,1177.0,38,38,4
313,1775752968.542454,A,1175,1179,1177.0,38,38,4
314,1775752968.542572,A,1175,1179,1177.0,38,38,4
315,1775752968.543286,A,1175,1179,1177.0,38,38,4
316,1775752968.5437708,A,1175,1179,1177.0,38,38,4
317,1775752968.54596,A,1175,1180,1177.5,38,56,5
318,1775752968.549322,A,1175,1180,1177.5,38,56,5
319,1775752968.5509162,A,1175,1181,1178.0,38,112,6
320,1775752968.5510101,A,1175,1181,1178.0,38,112,6
321,1775752968.551275,A,1175,1181,1178.0,38,38,6
322,1775752968.730892,A,1175,1181,1178.0,38,38,6
323,1775752968.733581,A,1175,1178,1176.5,38,38,3
324,1775752968.736564,A,1175,1178,1176.5,38,38,3
325,1775752968.7382998,A,1175,1178,1176.5,38,38,3
326,1775752968.739282,A,1175,1178,1176.5,38,38,3
327,1775752968.739817,A,1175,1178,1176.5,38,38,3
328,1775752968.74034,A,1175,1178,1176.5,38,38,3
329,1775752968.7405598,A,1175,1178,1176.5,38,38,3
330,1775752968.742423,A,1175,1178,1176.5,38,38,3
331,1775752968.742947,A,1175,1178,1176.5,38,38,3
332,1775752968.743253,A,1174,1178,1176.0,56,38,4
333,1775752968.743862,A,1174,1178,1176.0,56,38,4
334,1775752968.744139,A,1173,1178,1175.5,74,38,5
335,1775752968.744664,A,1173,1178,1175.5,74,38,5
336,1775752968.744861,A,1172,1178,1175.0,130,38,6
337,1775752968.745882,A,1172,1178,1175.0,130,38,6
338,1775752968.927068,A,1172,1178,1175.0,168,38,6
339,1775752968.929137,A,1172,1178,1175.0,168,76,6
340,1775752968.929311,A,1172,1178,1175.0,168,76,6
341,1775752968.9297621,A,1172,1178,1175.0,168,76,6
342,1775752968.93246,A,1172,1178,1175.0,168,76,6
343,1775752968.933044,A,1172,1178,1175.0,168,76,6
344,1775752968.934392,A,1172,1178,1175.0,168,76,6
345,1775752968.934564,A,1172,1178,1175.0,168,76,6
346,1775752968.935106,A,1172,1178,1175.0,76,76,6
347,1775752968.9354382,A,1172,1178,1175.0,76,76,6
348,1775752968.937336,A,1172,1178,1175.0,38,76,6
349,1775752968.937494,A,1172,1178,1175.0,38,38,6
350,1775752968.938153,A,1172,1178,1175.0,38,38,6
351,1775752968.938448,A,1172,1178,1175.0,38,38,6
352,1775752968.938638,A,1172,1178,1175.0,38,38,6
353,1775752968.9387379,A,1172,1178,1175.0,38,38,6
354,1775752969.13487,A,1175,1178,1176.5,38,38,3
355,1775752969.136586,A,1175,1178,1176.5,38,38,3
356,1775752969.1419892,A,1175,1178,1176.5,38,38,3
357,1775752969.142258,A,1175,1178,1176.5,38,38,3
358,1775752969.143531,A,1175,1178,1176.5,38,38,3
359,1775752969.1439328,A,1175,1178,1176.5,38,38,3
360,1775752969.1449752,A,1175,1178,1176.5,38,38,3
361,1775752969.1450932,A,1175,1178,1176.5,38,38,3
362,1775752969.145673,A,1175,1178,1176.5,38,38,3
363,1775752969.145779,A,1175,1178,1176.5,38,38,3
364,1775752969.147508,A,1175,1178,1176.5,38,38,3
365,1775752969.147979,A,1175,1179,1177.0,38,56,4
366,1775752969.14836,A,1175,1179,1177.0,38,56,4
367,1775752969.148478,A,1175,1180,1177.5,38,74,5
368,1775752969.1495612,A,1175,1180,1177.5,38,74,5
369,1775752969.149736,A,1175,1181,1178.0,38,130,6
370,1775752969.3346298,A,1176,1181,1178.5,38,130,5
371,1775752969.337041,A,1176,1181,1178.5,38,130,5
372,1775752969.33976,A,1176,1181,1178.5,38,130,5
373,1775752969.340292,A,1176,1181,1178.5,38,130,5
374,1775752969.340703,A,1176,1181,1178.5,38,130,5
375,1775752969.3431208,A,1176,1181,1178.5,38,130,5
376,1775752969.344095,A,1176,1181,1178.5,38,130,5
377,1775752969.348022,A,1176,1181,1178.5,38,130,5
378,1775752969.348384,A,1176,1181,1178.5,38,130,5
379,1775752969.348567,A,1176,1181,1178.5,38,38,5
380,1775752969.3486688,A,1176,1181,1178.5,38,38,5
381,1775752969.3490272,A,1176,1182,1179.0,38,94,6
382,1775752969.350263,A,1176,1182,1179.0,38,94,6
383,1775752969.3511832,A,1176,1182,1179.0,38,38,6
384,1775752969.352234,A,1176,1182,1179.0,38,38,6
385,1775752969.353333,A,1176,1182,1179.0,38,38,6
386,1775752969.5437598,A,1180,1182,1181.0,38,38,2
387,1775752969.5447192,A,1180,1182,1181.0,38,38,2
388,1775752969.5451038,A,1180,1182,1181.0,38,38,2
389,1775752969.5451992,A,1180,1182,1181.0,38,38,2
390,1775752969.545383,A,1180,1182,1181.0,38,38,2
391,1775752969.545811,A,1180,1182,1181.0,38,38,2
392,1775752969.547063,A,1180,1182,1181.0,38,38,2
393,1775752969.547328,A,1180,1182,1181.0,38,38,2
394,1775752969.5474272,A,1180,1182,1181.0,38,38,2
395,1775752969.548756,A,1180,1182,1181.0,38,38,2
396,1775752969.5492659,A,1180,1182,1181.0,38,38,2
397,1775752969.549367,A,1180,1183,1181.5,38,56,3
398,1775752969.5502,A,1180,1183,1181.5,38,56,3
399,1775752969.550464,A,1180,1184,1182.0,38,74,4
400,1775752969.5508559,A,1180,1184,1182.0,38,74,4
401,1775752969.551012,A,1180,1185,1182.5,38,92,5
402,1775752969.730915,A,1180,1185,1182.5,38,92,5
403,1775752969.7330508,A,1180,1185,1182.5,38,130,5
404,1775752969.7352629,A,1180,1185,1182.5,38,130,5
405,1775752969.735669,A,1180,1185,1182.5,38,130,5
406,1775752969.7359512,A,1180,1185,1182.5,38,130,5
407,1775752969.7364511,A,1180,1185,1182.5,38,130,5
408,1775752969.7378979,A,1180,1185,1182.5,38,130,5
409,1775752969.738173,A,1180,1185,1182.5,38,130,5
410,1775752969.739203,A,1180,1185,1182.5,38,130,5
411,1775752969.739707,A,1180,1185,1182.5,38,38,5
412,1775752969.741485,A,1179,1185,1182.0,94,38,6
413,1775752969.7421398,A,1179,1185,1182.0,94,38,6
414,1775752969.742838,A,1179,1185,1182.0,38,38,6
415,1775752969.7432268,A,1179,1185,1182.0,38,38,6
416,1775752969.743341,A,1179,1185,1182.0,38,38,6
417,1775752969.743514,A,1179,1185,1182.0,38,38,6
418,1775752969.928729,A,1181,1185,1183.0,38,38,4
419,1775752969.93003,A,1181,1185,1183.0,38,38,4
420,1775752969.93127,A,1181,1185,1183.0,38,38,4
421,1775752969.932189,A,1181,1185,1183.0,38,38,4
422,1775752969.932908,A,1181,1185,1183.0,38,38,4
423,1775752969.935883,A,1181,1185,1183.0,38,38,4
424,1775752969.937272,A,1181,1185,1183.0,38,38,4
425,1775752969.9377952,A,1181,1185,1183.0,38,38,4
426,1775752969.938912,A,1181,1185,1183.0,38,38,4
427,1775752969.939944,A,1181,1185,1183.0,38,38,4
428,1775752969.940029,A,1181,1185,1183.0,38,38,4
429,1775752969.9401128,A,1181,1186,1183.5,38,56,5
430,1775752969.940702,A,1181,1186,1183.5,38,56,5
431,1775752969.941289,A,1181,1187,1184.0,38,112,6
432,1775752969.941887,A,1181,1187,1184.0,38,112,6
433,1775752969.942175,A,1181,1187,1184.0,38,38,6
434,1775752970.132502,A,1184,1187,1185.5,38,38,3
435,1775752970.13283,A,1184,1187,1185.5,38,38,3
436,1775752970.134356,A,1184,1187,1185.5,38,38,3
437,1775752970.134478,A,1184,1187,1185.5,38,38,3
438,1775752970.134665,A,1184,1187,1185.5,38,38,3
439,1775752970.135026,A,1184,1187,1185.5,38,38,3
440,1775752970.135484,A,1184,1187,1185.5,38,38,3
441,1775752970.137002,A,1184,1187,1185.5,38,38,3
442,1775752970.13709,A,1184,1187,1185.5,38,38,3
443,1775752970.1391501,A,1184,1187,1185.5,38,38,3
444,1775752970.139589,A,1184,1187,1185.5,38,38,3
445,1775752970.1400352,A,1184,1188,1186.0,38,56,4
446,1775752970.141181,A,1184,1188,1186.0,38,56,4
447,1775752970.1414552,A,1184,1189,1186.5,38,74,5
448,1775752970.141813,A,1184,1189,1186.5,38,74,5
449,1775752970.142177,A,1184,1190,1187.0,38,130,6
450,1775752970.3321679,A,1184,1190,1187.0,38,130,6
451,1775752970.332447,A,1184,1188,1186.0,38,38,4
452,1775752970.332674,A,1184,1188,1186.0,38,38,4
453,1775752970.334323,A,1184,1188,1186.0,38,38,4
454,1775752970.335047,A,1184,1188,1186.0,38,38,4
455,1775752970.3351722,A,1184,1188,1186.0,38,38,4
456,1775752970.335891,A,1184,1188,1186.0,38,38,4
457,1775752970.336677,A,1184,1188,1186.0,38,38,4
458,1775752970.3377972,A,1184,1188,1186.0,38,38,4
459,1775752970.3384058,A,1184,1188,1186.0,38,38,4
460,1775752970.339962,A,1183,1188,1185.5,56,38,5
461,1775752970.340485,A,1183,1188,1185.5,56,38,5
462,1775752970.340568,A,1182,1188,1185.0,112,38,6
463,1775752970.340866,A,1182,1188,1185.0,112,38,6
464,1775752970.34145,A,1182,1188,1185.0,38,38,6
465,1775752970.343488,A,1182,1188,1185.0,38,38,6
466,1775752970.532175,A,1182,1188,1185.0,76,38,6
467,1775752970.533149,A,1182,1188,1185.0,76,76,6
468,1775752970.5333571,A,1182,1188,1185.0,76,76,6
469,1775752970.5342531,A,1182,1188,1185.0,76,76,6
470,1775752970.536159,A,1182,1188,1185.0,76,76,6
471,1775752970.537882,A,1182,1188,1185.0,76,76,6
472,1775752970.5382762,A,1182,1188,1185.0,76,76,6
473,1775752970.539128,A,1182,1188,1185.0,76,76,6
474,1775752970.540577,A,1182,1188,1185.0,76,76,6
475,1775752970.541153,A,1182,1188,1185.0,76,76,6
476,1775752970.541437,A,1182,1188,1185.0,38,76,6
477,1775752970.541537,A,1182,1188,1185.0,38,38,6
478,1775752970.5430038,A,1182,1188,1185.0,38,38,6
479,1775752970.544352,A,1182,1188,1185.0,38,38,6
480,1775752970.5446799,A,1182,1188,1185.0,38,38,6
481,1775752970.54477,A,1182,1188,1185.0,38,38,6
482,1775752970.738536,A,1182,1188,1185.0,76,38,6
483,1775752970.7393112,A,1182,1188,1185.0,76,76,6
484,1775752970.739948,A,1182,1188,1185.0,76,76,6
485,1775752970.741178,A,1182,1188,1185.0,76,76,6
486,1775752970.74143,A,1182,1188,1185.0,76,76,6
487,1775752970.742542,A,1182,1188,1185.0,76,76,6
488,1775752970.742679,A,1182,1188,1185.0,76,76,6
489,1775752970.743737,A,1182,1188,1185.0,76,76,6
490,1775752970.744016,A,1182,1188,1185.0,76,76,6
491,1775752970.74449,A,1182,1188,1185.0,76,76,6
492,1775752970.744603,A,1182,1188,1185.0,38,76,6
493,1775752970.746729,A,1182,1188,1185.0,38,38,6
494,1775752970.74685,A,1182,1188,1185.0,38,38,6
495,1775752970.7476149,A,1182,1188,1185.0,38,38,6
496,1775752970.748141,A,1182,1188,1185.0,38,38,6
497,1775752970.74859,A,1182,1188,1185.0,38,38,6
498,1775752970.989056,A,1182,1188,1185.0,38,38,6
499,1775752970.991858,A,1182,1187,1184.5,38,38,5
500,1775752970.992086,A,1182,1187,1184.5,38,38,5
501,1775752970.9940841,A,1182,1187,1184.5,38,38,5
502,1775752970.994443,A,1182,1187,1184.5,38,38,5
503,1775752970.99503,A,1182,1187,1184.5,38,38,5
504,1775752970.997248,A,1182,1187,1184.5,38,38,5
505,1775752970.9978082,A,1182,1187,1184.5,38,38,5
506,1775752970.999138,A,1182,1187,1184.5,38,38,5
507,1775752970.9993799,A,1182,1187,1184.5,38,38,5
508,1775752970.999497,A,1181,1187,1184.0,94,38,6
509,1775752971.0000799,A,1181,1187,1184.0,94,38,6
510,1775752971.0001862,A,1181,1187,1184.0,38,38,6
511,1775752971.000297,A,1181,1187,1184.0,38,38,6
512,1775752971.000677,A,1181,1187,1184.0,38,38,6
513,1775752971.000782,A,1181,1187,1184.0,38,38,6
514,1775752971.1325471,A,1181,1187,1184.0,76,38,6
515,1775752971.135909,A,1181,1187,1184.0,76,76,6
516,1775752971.1381278,A,1181,1187,1184.0,76,76,6
517,1775752971.1399791,A,1181,1187,1184.0,76,76,6
518,1775752971.140457,A,1181,1187,1184.0,76,76,6
519,1775752971.1413782,A,1181,1187,1184.0,76,76,6
520,1775752971.142012,A,1181,1187,1184.0,76,76,6
521,1775752971.1424398,A,1181,1187,1184.0,76,76,6
522,1775752971.142626,A,1181,1187,1184.0,76,76,6
523,1775752971.144097,A,1181,1187,1184.0,76,76,6
524,1775752971.14509,A,1181,1187,1184.0,38,76,6
525,1775752971.14546,A,1181,1187,1184.0,38,38,6
526,1775752971.146317,A,1181,1187,1184.0,38,38,6
527,1775752971.147882,A,1181,1187,1184.0,38,38,6
528,1775752971.14831,A,1181,1187,1184.0,38,38,6
529,1775752971.1484952,A,1181,1187,1184.0,38,38,6
530,1775752971.332761,A,1184,1187,1185.5,38,38,3
531,1775752971.3362958,A,1184,1187,1185.5,38,38,3
532,1775752971.339056,A,1184,1187,1185.5,38,38,3
533,1775752971.339589,A,1184,1187,1185.5,38,38,3
534,1775752971.339963,A,1184,1187,1185.5,38,38,3
535,1775752971.340102,A,1184,1187,1185.5,38,38,3
536,1775752971.341651,A,1184,1187,1185.5,38,38,3
537,1775752971.342113,A,1184,1187,1185.5,38,38,3
538,1775752971.342794,A,1184,1187,1185.5,38,38,3
539,1775752971.345788,A,1184,1187,1185.5,38,38,3
540,1775752971.347151,A,1184,1187,1185.5,38,38,3
541,1775752971.34724,A,1184,1188,1186.0,38,56,4
542,1775752971.3477461,A,1184,1188,1186.0,38,56,4
543,1775752971.3479822,A,1184,1189,1186.5,38,74,5
544,1775752971.3482099,A,1184,1189,1186.5,38,74,5
545,1775752971.348508,A,1184,1190,1187.0,38,130,6
546,1775752971.5283551,A,1184,1190,1187.0,38,130,6
547,1775752971.529609,A,1184,1187,1185.5,38,38,3
548,1775752971.530854,A,1184,1187,1185.5,38,38,3
549,1775752971.5312252,A,1184,1187,1185.5,38,38,3
550,1775752971.532505,A,1184,1187,1185.5,38,38,3
551,1775752971.5326731,A,1184,1187,1185.5,38,38,3
552,1775752971.53297,A,1184,1187,1185.5,38,38,3
553,1775752971.533984,A,1184,1187,1185.5,38,38,3
554,1775752971.534394,A,1184,1187,1185.5,38,38,3
555,1775752971.5349162,A,1184,1187,1185.5,38,38,3
556,1775752971.535533,A,1183,1187,1185.0,56,38,4
557,1775752971.536266,A,1183,1187,1185.0,56,38,4
558,1775752971.5369658,A,1182,1187,1184.5,74,38,5
559,1775752971.53707,A,1182,1187,1184.5,74,38,5
560,1775752971.538641,A,1181,1187,1184.0,130,38,6
561,1775752971.539402,A,1181,1187,1184.0,130,38,6
562,1775752971.731595,A,1181,1187,1184.0,168,38,6
563,1775752971.7324228,A,1181,1187,1184.0,168,76,6
564,1775752971.7351239,A,1181,1187,1184.0,168,76,6
565,1775752971.735779,A,1181,1187,1184.0,168,76,6
566,1775752971.7364218,A,1181,1187,1184.0,168,76,6
567,1775752971.737581,A,1181,1187,1184.0,168,76,6
568,1775752971.7389948,A,1181,1187,1184.0,168,76,6
569,1775752971.73928,A,1181,1187,1184.0,168,76,6
570,1775752971.73938,A,1181,1187,1184.0,76,76,6
571,1775752971.740022,A,1181,1187,1184.0,76,76,6
572,1775752971.7402382,A,1181,1187,1184.0,38,76,6
573,1775752971.7405398,A,1181,1187,1184.0,38,38,6
574,1775752971.741587,A,1181,1187,1184.0,38,38,6
575,1775752971.741832,A,1181,1187,1184.0,38,38,6
576,1775752971.742075,A,1181,1187,1184.0,38,38,6
577,1775752971.742927,A,1181,1187,1184.0,38,38,6
578,1775752971.9303732,A,1183,1187,1185.0,38,38,4
579,1775752971.932113,A,1183,1187,1185.0,38,38,4
580,1775752971.933936,A,1183,1187,1185.0,38,38,4
581,1775752971.934102,A,1183,1187,1185.0,38,38,4
582,1775752971.9343889,A,1183,1187,1185.0,38,38,4
583,1775752971.936932,A,1183,1187,1185.0,38,38,4
584,1775752971.937545,A,1183,1187,1185.0,38,38,4
585,1775752971.937796,A,1183,1187,1185.0,38,38,4
586,1775752971.938874,A,1183,1187,1185.0,38,38,4
587,1775752971.940612,A,1183,1187,1185.0,38,38,4
588,1775752971.9409878,A,1183,1187,1185.0,38,38,4
589,1775752971.941091,A,1183,1188,1185.5,38,56,5
590,1775752971.9417999,A,1183,1188,1185.5,38,56,5
591,1775752971.942477,A,1183,1189,1186.0,38,112,6
592,1775752971.94365,A,1183,1189,1186.0,38,112,6
593,1775752971.944802,A,1183,1189,1186.0,38,38,6
594,1775752972.132233,A,1183,1189,1186.0,76,38,6
595,1775752972.133278,A,1183,1189,1186.0,76,76,6
596,1775752972.1335309,A,1183,1189,1186.0,76,76,6
597,1775752972.133926,A,1183,1189,1186.0,76,76,6
598,1775752972.134303,A,1183,1189,1186.0,76,76,6
599,1775752972.140445,A,1183,1189,1186.0,76,76,6
600,1775752972.1412082,A,1183,1189,1186.0,76,76,6
601,1775752972.142254,A,1183,1189,1186.0,76,76,6
602,1775752972.1430771,A,1183,1189,1186.0,76,76,6
603,1775752972.143531,A,1183,1189,1186.0,76,76,6
604,1775752972.1441998,A,1183,1189,1186.0,38,76,6
605,1775752972.144883,A,1183,1189,1186.0,38,38,6
606,1775752972.146168,A,1183,1189,1186.0,38,38,6
607,1775752972.14643,A,1183,1189,1186.0,38,38,6
608,1775752972.146701,A,1183,1189,1186.0,38,38,6
609,1775752972.146882,A,1183,1189,1186.0,38,38,6
610,1775752972.333229,A,1183,1189,1186.0,38,38,6
611,1775752972.335069,A,1183,1187,1185.0,38,38,4
612,1775752972.335252,A,1183,1187,1185.0,38,38,4
613,1775752972.3379462,A,1183,1187,1185.0,38,38,4
614,1775752972.338917,A,1183,1187,1185.0,38,38,4
615,1775752972.33934,A,1183,1187,1185.0,38,38,4
616,1775752972.342029,A,1183,1187,1185.0,38,38,4
617,1775752972.34334,A,1183,1187,1185.0,38,38,4
618,1775752972.3434439,A,1183,1187,1185.0,38,38,4
619,1775752972.34364,A,1183,1187,1185.0,38,38,4
620,1775752972.3441641,A,1182,1187,1184.5,56,38,5
621,1775752972.345651,A,1182,1187,1184.5,56,38,5
622,1775752972.345975,A,1181,1187,1184.0,112,38,6
623,1775752972.3460631,A,1181,1187,1184.0,112,38,6
624,1775752972.346495,A,1181,1187,1184.0,38,38,6
625,1775752972.346932,A,1181,1187,1184.0,38,38,6
626,1775752972.5349052,A,1181,1187,1184.0,38,38,6
627,1775752972.535841,A,1181,1185,1183.0,38,38,4
628,1775752972.536018,A,1181,1185,1183.0,38,38,4
629,1775752972.5375519,A,1181,1185,1183.0,38,38,4
630,1775752972.538708,A,1181,1185,1183.0,38,38,4
631,1775752972.5414069,A,1181,1185,1183.0,38,38,4
632,1775752972.54218,A,1181,1185,1183.0,38,38,4
633,1775752972.54345,A,1181,1185,1183.0,38,38,4
634,1775752972.544874,A,1181,1185,1183.0,38,38,4
635,1775752972.545422,A,1181,1185,1183.0,38,38,4
636,1775752972.5459461,A,1180,1185,1182.5,56,38,5
637,1775752972.54639,A,1180,1185,1182.5,56,38,5
638,1775752972.547158,A,1179,1185,1182.0,112,38,6
639,1775752972.547672,A,1179,1185,1182.0,112,38,6
640,1775752972.5510762,A,1179,1185,1182.0,38,38,6
641,1775752972.55131,A,1179,1185,1182.0,38,38,6
642,1775752972.7348218,A,1181,1185,1183.0,38,38,4
643,1775752972.735148,A,1181,1185,1183.0,38,38,4
644,1775752972.736232,A,1181,1185,1183.0,38,38,4
645,1775752972.738924,A,1181,1185,1183.0,38,38,4
646,1775752972.739255,A,1181,1185,1183.0,38,38,4
647,1775752972.739885,A,1181,1185,1183.0,38,38,4
648,1775752972.741067,A,1181,1185,1183.0,38,38,4
649,1775752972.742414,A,1181,1185,1183.0,38,38,4
650,1775752972.742572,A,1181,1185,1183.0,38,38,4
651,1775752972.7429,A,1181,1185,1183.0,38,38,4
652,1775752972.743447,A,1181,1185,1183.0,38,38,4
653,1775752972.744017,A,1181,1186,1183.5,38,56,5
654,1775752972.744807,A,1181,1186,1183.5,38,56,5
655,1775752972.744981,A,1181,1187,1184.0,38,112,6
656,1775752972.745096,A,1181,1187,1184.0,38,112,6
657,1775752972.745661,A,1181,1187,1184.0,38,38,6
658,1775752972.9264529,A,1181,1187,1184.0,38,38,6
659,1775752972.9289339,A,1181,1185,1183.0,38,38,4
660,1775752972.9304729,A,1181,1185,1183.0,38,38,4
661,1775752972.930687,A,1181,1185,1183.0,38,38,4
662,1775752972.9319391,A,1181,1185,1183.0,38,38,4
663,1775752972.9321191,A,1181,1185,1183.0,38,38,4
664,1775752972.932291,A,1181,1185,1183.0,38,38,4
665,1775752972.93247,A,1181,1185,1183.0,38,38,4
666,1775752972.932618,A,1181,1185,1183.0,38,38,4
667,1775752972.932787,A,1181,1185,1183.0,38,38,4
668,1775752972.932945,A,1180,1185,1182.5,56,38,5
669,1775752972.93309,A,1180,1185,1182.5,56,38,5
670,1775752972.933256,A,1179,1185,1182.0,112,38,6
671,1775752972.933414,A,1179,1185,1182.0,112,38,6
672,1775752972.933584,A,1179,1185,1182.0,38,38,6
673,1775752972.933734,A,1179,1185,1182.0,38,38,6
674,1775752973.1259341,A,1180,1185,1182.5,38,38,5
675,1775752973.128267,A,1180,1185,1182.5,38,38,5
676,1775752973.129348,A,1180,1185,1182.5,38,38,5
677,1775752973.134152,A,1180,1185,1182.5,38,38,5
678,1775752973.137213,A,1180,1185,1182.5,38,38,5
679,1775752973.1378088,A,1180,1185,1182.5,38,38,5
680,1775752973.1391711,A,1180,1185,1182.5,38,38,5
681,1775752973.139959,A,1180,1185,1182.5,38,38,5
682,1775752973.141427,A,1180,1185,1182.5,38,38,5
683,1775752973.141519,A,1180,1185,1182.5,38,38,5
684,1775752973.141858,A,1180,1185,1182.5,38,38,5
685,1775752973.142035,A,1180,1186,1183.0,38,94,6
686,1775752973.142129,A,1180,1186,1183.0,38,94,6
687,1775752973.1439202,A,1180,1186,1183.0,38,38,6
688,1775752973.1440058,A,1180,1186,1183.0,38,38,6
689,1775752973.144783,A,1180,1186,1183.0,38,38,6
690,1775752973.330709,A,1181,1186,1183.5,38,38,5
691,1775752973.332293,A,1181,1186,1183.5,38,38,5
692,1775752973.3345652,A,1181,1186,1183.5,38,38,5
693,1775752973.336669,A,1181,1186,1183.5,38,38,5
694,1775752973.337132,A,1181,1186,1183.5,38,38,5
695,1775752973.338815,A,1181,1186,1183.5,38,38,5
696,1775752973.3401768,A,1181,1186,1183.5,38,38,5
697,1775752973.341453,A,1181,1186,1183.5,38,38,5
698,1775752973.3418229,A,1181,1186,1183.5,38,38,5
699,1775752973.342303,A,1181,1186,1183.5,38,38,5
700,1775752973.342933,A,1181,1186,1183.5,38,38,5
701,1775752973.343078,A,1181,1187,1184.0,38,94,6
702,1775752973.3438358,A,1181,1187,1184.0,38,94,6
703,1775752973.345396,A,1181,1187,1184.0,38,38,6
704,1775752973.3463051,A,1181,1187,1184.0,38,38,6
705,1775752973.347491,A,1181,1187,1184.0,38,38,6
706,1775752973.529832,A,1183,1187,1185.0,38,38,4
707,1775752973.5350049,A,1183,1187,1185.0,38,38,4
708,1775752973.536052,A,1183,1187,1185.0,38,38,4
709,1775752973.536387,A,1183,1187,1185.0,38,38,4
710,1775752973.537079,A,1183,1187,1185.0,38,38,4
711,1775752973.538094,A,1183,1187,1185.0,38,38,4
712,1775752973.538234,A,1183,1187,1185.0,38,38,4
713,1775752973.539851,A,1183,1187,1185.0,38,38,4
714,1775752973.541378,A,1183,1187,1185.0,38,38,4
715,1775752973.545161,A,1183,1187,1185.0,38,38,4
716,1775752973.546046,A,1183,1187,1185.0,38,38,4
717,1775752973.54657,A,1183,1188,1185.5,38,56,5
718,1775752973.5467288,A,1183,1188,1185.5,38,56,5
719,1775752973.546813,A,1183,1189,1186.0,38,112,6
720,1775752973.5472069,A,1183,1189,1186.0,38,112,6
721,1775752973.547467,A,1183,1189,1186.0,38,38,6
722,1775752973.7289312,A,1183,1189,1186.0,76,38,6
723,1775752973.732269,A,1183,1189,1186.0,76,76,6
724,1775752973.734276,A,1183,1189,1186.0,76,76,6
725,1775752973.734418,A,1183,1189,1186.0,76,76,6
726,1775752973.736607,A,1183,1189,1186.0,76,76,6
727,1775752973.737591,A,1183,1189,1186.0,76,76,6
728,1775752973.737897,A,1183,1189,1186.0,76,76,6
729,1775752973.738352,A,1183,1189,1186.0,76,76,6
730,1775752973.738538,A,1183,1189,1186.0,76,76,6
731,1775752973.739861,A,1183,1189,1186.0,76,76,6
732,1775752973.740111,A,1183,1189,1186.0,38,76,6
733,1775752973.7406762,A,1183,1189,1186.0,38,38,6
734,1775752973.74092,A,1183,1189,1186.0,38,38,6
735,1775752973.741243,A,1183,1189,1186.0,38,38,6
736,1775752973.74176,A,1183,1189,1186.0,38,38,6
737,1775752973.7418509,A,1183,1189,1186.0,38,38,6
738,1775752973.924787,A,1183,1189,1186.0,76,38,6
739,1775752973.9257119,A,1183,1189,1186.0,76,76,6
740,1775752973.926083,A,1183,1189,1186.0,76,76,6
741,1775752973.92627,A,1183,1189,1186.0,76,76,6
742,1775752973.928307,A,1183,1189,1186.0,76,76,6
743,1775752973.9311721,A,1183,1189,1186.0,76,76,6
744,1775752973.933304,A,1183,1189,1186.0,76,76,6
745,1775752973.933612,A,1183,1189,1186.0,76,76,6
746,1775752973.9338188,A,1183,1189,1186.0,76,76,6
747,1775752973.935348,A,1183,1189,1186.0,76,76,6
748,1775752973.935482,A,1183,1189,1186.0,38,76,6
749,1775752973.9366558,A,1183,1189,1186.0,38,38,6
750,1775752973.936917,A,1183,1189,1186.0,38,38,6
751,1775752973.937408,A,1183,1189,1186.0,38,38,6
752,1775752973.9375,A,1183,1189,1186.0,38,38,6
753,1775752973.937984,A,1183,1189,1186.0,38,38,6
754,1775752974.13243,A,1184,1189,1186.5,38,38,5
755,1775752974.133919,A,1184,1189,1186.5,38,38,5
756,1775752974.134253,A,1184,1189,1186.5,38,38,5
757,1775752974.13697,A,1184,1189,1186.5,38,38,5
758,1775752974.137119,A,1184,1189,1186.5,38,38,5
759,1775752974.1381571,A,1184,1189,1186.5,38,38,5
760,1775752974.1387131,A,1184,1189,1186.5,38,38,5
761,1775752974.1388748,A,1184,1189,1186.5,38,38,5
762,1775752974.1415648,A,1184,1189,1186.5,38,38,5
763,1775752974.142097,A,1184,1189,1186.5,38,38,5
764,1775752974.1433961,A,1184,1189,1186.5,38,38,5
765,1775752974.1440902,A,1184,1190,1187.0,38,94,6
766,1775752974.145032,A,1184,1190,1187.0,38,94,6
767,1775752974.1453812,A,1184,1190,1187.0,38,38,6
768,1775752974.1465821,A,1184,1190,1187.0,38,38,6
769,1775752974.147337,A,1184,1190,1187.0,38,38,6
770,1775752974.329058,A,1184,1181,1182.5,38,185,-3
771,1775752974.3307772,A,1184,1181,1182.5,38,185,-3
772,1775752974.33112,A,1184,1181,1182.5,38,185,-3
773,1775752974.3313751,A,1181,1181,1181.0,92,185,0
774,1775752974.331656,A,1181,1181,1181.0,75,185,0
775,1775752974.331903,A,1181,1190,1185.5,75,38,9
776,1775752974.332171,A,1183,1190,1186.5,38,38,7
777,1775752974.332865,A,1183,1189,1186.0,38,38,6
778,1775752974.334341,A,1183,1189,1186.0,38,38,6
779,1775752974.336592,A,1183,1189,1186.0,38,38,6
780,1775752974.3389928,A,1183,1189,1186.0,38,38,6
781,1775752974.339288,A,1183,1189,1186.0,38,38,6
782,1775752974.342079,A,1183,1189,1186.0,38,38,6
783,1775752974.342391,A,1183,1189,1186.0,38,38,6
784,1775752974.342714,A,1183,1189,1186.0,38,38,6
785,1775752974.3433,A,1183,1189,1186.0,38,38,6
786,1775752974.34447,A,1183,1189,1186.0,38,38,6
787,1775752974.34548,A,1183,1189,1186.0,38,38,6
788,1775752974.3466508,A,1183,1189,1186.0,38,38,6
789,1775752974.549855,A,1183,1189,1186.0,38,38,6
790,1775752974.550838,A,1183,1187,1185.0,38,38,4
791,1775752974.551636,A,1183,1187,1185.0,38,38,4
792,1775752974.553142,A,1183,1187,1185.0,38,38,4
793,1775752974.553424,A,1183,1187,1185.0,38,38,4
794,1775752974.553926,A,1183,1187,1185.0,38,38,4
795,1775752974.555648,A,1183,1187,1185.0,38,38,4
796,1775752974.555824,A,1183,1187,1185.0,38,38,4
797,1775752974.556617,A,1183,1187,1185.0,38,38,4
798,1775752974.557348,A,1183,1187,1185.0,38,38,4
799,1775752974.560519,A,1182,1187,1184.5,56,38,5
800,1775752974.5606441,A,1182,1187,1184.5,56,38,5
801,1775752974.560763,A,1181,1187,1184.0,112,38,6
802,1775752974.561733,A,1181,1187,1184.0,112,38,6
803,1775752974.561995,A,1181,1187,1184.0,38,38,6
804,1775752974.5626922,A,1181,1187,1184.0,38,38,6
805,1775752974.741241,A,1183,1187,1185.0,38,38,4
806,1775752974.746552,A,1183,1187,1185.0,38,38,4
807,1775752974.747964,A,1183,1187,1185.0,38,38,4
808,1775752974.749172,A,1183,1187,1185.0,38,38,4
809,1775752974.74988,A,1183,1187,1185.0,38,38,4
810,1775752974.750817,A,1183,1187,1185.0,38,38,4
811,1775752974.750989,A,1183,1187,1185.0,38,38,4
812,1775752974.751145,A,1183,1187,1185.0,38,38,4
813,1775752974.751737,A,1183,1187,1185.0,38,38,4
814,1775752974.7525408,A,1183,1187,1185.0,38,38,4
815,1775752974.7531369,A,1183,1187,1185.0,38,38,4
816,1775752974.7533271,A,1183,1188,1185.5,38,56,5
817,1775752974.75337,A,1183,1188,1185.5,38,56,5
818,1775752974.753452,A,1183,1189,1186.0,38,112,6
819,1775752974.753493,A,1183,1189,1186.0,38,112,6
820,1775752974.7535338,A,1183,1189,1186.0,38,38,6
821,1775752974.932114,A,1186,1189,1187.5,38,38,3
822,1775752974.932545,A,1186,1189,1187.5,38,38,3
823,1775752974.932693,A,1186,1189,1187.5,38,38,3
824,1775752974.9329898,A,1186,1189,1187.5,38,38,3
825,1775752974.933177,A,1186,1184,1185.0,38,185,-2
826,1775752974.933631,A,1185,1184,1184.5,56,185,-1
827,1775752974.933784,A,1183,1184,1183.5,38,185,1
828,1775752974.933967,A,1183,1184,1183.5,38,91,1
829,1775752974.934141,A,1184,1184,1184.0,74,91,0
830,1775752974.934456,A,1183,1184,1183.5,38,91,1
831,1775752974.934623,A,1183,1184,1183.5,38,17,1
832,1775752974.936555,A,1183,1189,1186.0,38,38,6
833,1775752974.93739,A,1183,1189,1186.0,38,38,6
834,1775752974.937968,A,1183,1189,1186.0,130,38,6
835,1775752974.9408991,A,1183,1189,1186.0,130,38,6
836,1775752974.941097,A,1183,1189,1186.0,130,38,6
837,1775752974.941468,A,1183,1189,1186.0,130,38,6
838,1775752974.9421818,A,1183,1189,1186.0,92,38,6
839,1775752974.942991,A,1183,1190,1186.5,92,56,7
840,1775752974.94419,A,1183,1190,1186.5,92,56,7
841,1775752974.944421,A,1183,1191,1187.0,92,74,8
842,1775752974.944611,A,1183,1191,1187.0,92,74,8
843,1775752974.945228,A,1183,1192,1187.5,92,130,9
844,1775752975.174179,A,1188,1192,1190.0,38,130,4
845,1775752975.174734,A,1188,1192,1190.0,38,130,4
846,1775752975.176577,A,1188,1192,1190.0,38,130,4
847,1775752975.1796548,A,1188,1192,1190.0,38,130,4
848,1775752975.179805,A,1188,1192,1190.0,38,130,4
849,1775752975.181524,A,1188,1192,1190.0,38,130,4
850,1775752975.181968,A,1188,1192,1190.0,38,130,4
851,1775752975.183184,A,1188,1192,1190.0,38,130,4
852,1775752975.183298,A,1188,1192,1190.0,38,130,4
853,1775752975.184007,A,1188,1192,1190.0,38,38,4
854,1775752975.184885,A,1188,1193,1190.5,38,56,5
855,1775752975.18676,A,1188,1194,1191.0,38,112,6
856,1775752975.188118,A,1188,1194,1191.0,38,38,6
857,1775752975.329997,A,1188,1194,1191.0,38,38,6
858,1775752975.330552,A,1188,1192,1190.0,38,38,4
859,1775752975.332567,A,1188,1192,1190.0,38,38,4
860,1775752975.3338711,A,1188,1192,1190.0,38,38,4
861,1775752975.33512,A,1188,1192,1190.0,38,38,4
862,1775752975.337055,A,1188,1192,1190.0,38,38,4
863,1775752975.337497,A,1188,1192,1190.0,38,38,4
864,1775752975.338044,A,1188,1192,1190.0,38,38,4
865,1775752975.3385339,A,1188,1192,1190.0,38,38,4
866,1775752975.338809,A,1188,1192,1190.0,38,38,4
867,1775752975.3399491,A,1187,1192,1189.5,56,38,5
868,1775752975.341415,A,1187,1192,1189.5,56,38,5
869,1775752975.342222,A,1186,1192,1189.0,112,38,6
870,1775752975.342452,A,1186,1192,1189.0,112,38,6
871,1775752975.343804,A,1186,1192,1189.0,38,38,6
872,1775752975.344158,A,1186,1192,1189.0,38,38,6
873,1775752975.530617,A,1186,1192,1189.0,76,38,6
874,1775752975.5316532,A,1186,1192,1189.0,76,76,6
875,1775752975.53346,A,1186,1192,1189.0,76,76,6
876,1775752975.533922,A,1186,1192,1189.0,76,76,6
877,1775752975.534392,A,1186,1192,1189.0,76,76,6
878,1775752975.534535,A,1186,1192,1189.0,76,76,6
879,1775752975.535404,A,1186,1192,1189.0,76,76,6
880,1775752975.537011,A,1186,1192,1189.0,76,76,6
881,1775752975.537473,A,1186,1192,1189.0,76,76,6
882,1775752975.537737,A,1186,1192,1189.0,76,76,6
883,1775752975.5382268,A,1186,1192,1189.0,38,76,6
884,1775752975.5394938,A,1186,1192,1189.0,38,38,6
885,1775752975.540204,A,1186,1192,1189.0,38,38,6
886,1775752975.540395,A,1186,1192,1189.0,38,38,6
887,1775752975.540669,A,1186,1192,1189.0,38,38,6
888,1775752975.540777,A,1186,1192,1189.0,38,38,6
889,1775752975.731609,A,1187,1192,1189.5,38,38,5
890,1775752975.732097,A,1187,1192,1189.5,38,38,5
891,1775752975.732318,A,1187,1192,1189.5,38,38,5
892,1775752975.734313,A,1187,1192,1189.5,38,38,5
893,1775752975.736462,A,1187,1192,1189.5,38,38,5
894,1775752975.7377222,A,1187,1192,1189.5,38,38,5
895,1775752975.7386088,A,1187,1192,1189.5,38,38,5
896,1775752975.741011,A,1187,1192,1189.5,38,38,5
897,1775752975.741673,A,1187,1192,1189.5,38,38,5
898,1775752975.742442,A,1187,1192,1189.5,38,38,5
899,1775752975.7426739,A,1187,1192,1189.5,38,38,5
900,1775752975.7435231,A,1187,1193,1190.0,38,94,6
901,1775752975.744612,A,1187,1193,1190.0,38,94,6
902,1775752975.746829,A,1187,1193,1190.0,38,38,6
903,1775752975.747194,A,1187,1193,1190.0,38,38,6
904,1775752975.748375,A,1187,1193,1190.0,38,38,6
905,1775752975.929107,A,1187,1193,1190.0,38,38,6
906,1775752975.929389,A,1187,1191,1189.0,38,38,4
907,1775752975.932528,A,1187,1191,1189.0,38,38,4
908,1775752975.933044,A,1187,1191,1189.0,38,38,4
909,1775752975.9334881,A,1187,1191,1189.0,38,38,4
910,1775752975.933675,A,1187,1191,1189.0,38,38,4
911,1775752975.933934,A,1187,1191,1189.0,38,38,4
912,1775752975.934287,A,1187,1191,1189.0,38,38,4
913,1775752975.9344451,A,1187,1191,1189.0,38,38,4
914,1775752975.9345868,A,1187,1191,1189.0,38,38,4
915,1775752975.9347498,A,1186,1191,1188.5,56,38,5
916,1775752975.935031,A,1186,1191,1188.5,56,38,5
917,1775752975.93517,A,1185,1191,1188.0,112,38,6
918,1775752975.935431,A,1185,1191,1188.0,112,38,6
919,1775752975.935691,A,1185,1191,1188.0,38,38,6
920,1775752975.935829,A,1185,1191,1188.0,38,38,6
921,1775752976.137324,A,1185,1191,1188.0,76,38,6
922,1775752976.137905,A,1185,1191,1188.0,76,76,6
923,1775752976.1400168,A,1185,1191,1188.0,76,76,6
924,1775752976.140673,A,1185,1191,1188.0,76,76,6
925,1775752976.140932,A,1185,1191,1188.0,76,76,6
926,1775752976.141182,A,1185,1191,1188.0,76,76,6
927,1775752976.142139,A,1185,1191,1188.0,76,76,6
928,1775752976.143048,A,1185,1191,1188.0,76,76,6
929,1775752976.143338,A,1185,1191,1188.0,76,76,6
930,1775752976.143641,A,1185,1191,1188.0,76,76,6
931,1775752976.1438951,A,1185,1191,1188.0,38,76,6
932,1775752976.144147,A,1185,1191,1188.0,38,38,6
933,1775752976.1453319,A,1185,1191,1188.0,38,38,6
934,1775752976.145462,A,1185,1191,1188.0,38,38,6
935,1775752976.145835,A,1185,1191,1188.0,38,38,6
936,1775752976.146114,A,1185,1191,1188.0,38,38,6
937,1775752976.330082,A,1185,1191,1188.0,38,38,6
938,1775752976.3308501,A,1185,1190,1187.5,38,38,5
939,1775752976.333903,A,1185,1190,1187.5,38,38,5
940,1775752976.334951,A,1185,1190,1187.5,38,38,5
941,1775752976.3359082,A,1185,1190,1187.5,38,38,5
942,1775752976.336297,A,1185,1190,1187.5,38,38,5
943,1775752976.336412,A,1185,1190,1187.5,38,38,5
944,1775752976.336672,A,1185,1190,1187.5,38,38,5
945,1775752976.3370528,A,1185,1190,1187.5,38,38,5
946,1775752976.3381062,A,1185,1190,1187.5,38,38,5
947,1775752976.339336,A,1184,1190,1187.0,94,38,6
948,1775752976.34096,A,1184,1190,1187.0,94,38,6
949,1775752976.3410811,A,1184,1190,1187.0,38,38,6
950,1775752976.3411798,A,1184,1190,1187.0,38,38,6
951,1775752976.341917,A,1184,1190,1187.0,38,38,6
952,1775752976.342437,A,1184,1190,1187.0,38,38,6
953,1775752976.527843,A,1184,1190,1187.0,76,38,6
954,1775752976.528198,A,1184,1190,1187.0,76,76,6
955,1775752976.5312011,A,1184,1190,1187.0,76,76,6
956,1775752976.532253,A,1184,1190,1187.0,76,76,6
957,1775752976.5335739,A,1184,1190,1187.0,76,76,6
958,1775752976.53373,A,1184,1190,1187.0,76,76,6
959,1775752976.534442,A,1184,1190,1187.0,76,76,6
960,1775752976.534849,A,1184,1190,1187.0,76,76,6
961,1775752976.535035,A,1184,1190,1187.0,76,76,6
962,1775752976.5363798,A,1184,1190,1187.0,76,76,6
963,1775752976.5377438,A,1184,1190,1187.0,38,76,6
964,1775752976.539114,A,1184,1190,1187.0,38,38,6
965,1775752976.539257,A,1184,1190,1187.0,38,38,6
966,1775752976.539977,A,1184,1190,1187.0,38,38,6
967,1775752976.541104,A,1184,1190,1187.0,38,38,6
968,1775752976.5416908,A,1184,1190,1187.0,38,38,6
969,1775752976.733448,A,1184,1190,1187.0,38,38,6
970,1775752976.7337239,A,1184,1189,1186.5,38,38,5
971,1775752976.735536,A,1184,1189,1186.5,38,38,5
972,1775752976.735716,A,1184,1189,1186.5,38,38,5
973,1775752976.735981,A,1184,1189,1186.5,38,38,5
974,1775752976.736185,A,1184,1189,1186.5,38,38,5
975,1775752976.736952,A,1184,1189,1186.5,38,38,5
976,1775752976.73705,A,1184,1189,1186.5,38,38,5
977,1775752976.737482,A,1184,1189,1186.5,38,38,5
978,1775752976.740875,A,1184,1189,1186.5,38,38,5
979,1775752976.742168,A,1183,1189,1186.0,94,38,6
980,1775752976.74332,A,1183,1189,1186.0,94,38,6
981,1775752976.743477,A,1183,1189,1186.0,38,38,6
982,1775752976.7439291,A,1183,1189,1186.0,38,38,6
983,1775752976.745271,A,1183,1189,1186.0,38,38,6
984,1775752976.745627,A,1183,1189,1186.0,38,38,6
985,1775752976.930411,A,1186,1189,1187.5,38,38,3
986,1775752976.931027,A,1186,1189,1187.5,38,38,3
987,1775752976.933045,A,1186,1189,1187.5,38,38,3
988,1775752976.9332101,A,1186,1189,1187.5,38,38,3
989,1775752976.933964,A,1186,1189,1187.5,38,38,3
990,1775752976.9347148,A,1186,1189,1187.5,38,38,3
991,1775752976.935317,A,1186,1189,1187.5,38,38,3
992,1775752976.935934,A,1186,1189,1187.5,38,38,3
993,1775752976.936075,A,1186,1189,1187.5,38,38,3
994,1775752976.936404,A,1186,1189,1187.5,38,38,3
995,1775752976.936477,A,1186,1189,1187.5,38,38,3
996,1775752976.93744,A,1186,1190,1188.0,38,56,4
997,1775752976.939659,A,1186,1190,1188.0,38,56,4
998,1775752976.941248,A,1186,1191,1188.5,38,74,5
999,1775752976.9413362,A,1186,1191,1188.5,38,74,5
1000,1775752976.941812,A,1186,1192,1189.0,38,130,6
1001,1775752977.128801,A,1187,1192,1189.5,38,130,5
1002,1775752977.128937,A,1187,1192,1189.5,38,130,5
1003,1775752977.133172,A,1187,1192,1189.5,38,130,5
1004,1775752977.134378,A,1187,1192,1189.5,38,130,5
1005,1775752977.134809,A,1187,1192,1189.5,38,130,5
1006,1775752977.136384,A,1187,1192,1189.5,38,130,5
1007,1775752977.136496,A,1187,1192,1189.5,38,130,5
1008,1775752977.137046,A,1187,1192,1189.5,38,130,5
1009,1775752977.1372359,A,1187,1192,1189.5,38,130,5
1010,1775752977.139345,A,1187,1192,1189.5,38,38,5
1011,1775752977.1398342,A,1187,1192,1189.5,38,38,5
1012,1775752977.140003,A,1187,1193,1190.0,38,94,6
1013,1775752977.1405282,A,1187,1193,1190.0,38,94,6
1014,1775752977.1408691,A,1187,1193,1190.0,38,38,6
1015,1775752977.141802,A,1187,1193,1190.0,38,38,6
1016,1775752977.142121,A,1187,1193,1190.0,38,38,6
1017,1775752977.334229,A,1188,1193,1190.5,38,38,5
1018,1775752977.334416,A,1188,1193,1190.5,38,38,5
1019,1775752977.3346949,A,1188,1193,1190.5,38,38,5
1020,1775752977.337137,A,1188,1193,1190.5,38,38,5
1021,1775752977.338444,A,1188,1193,1190.5,38,38,5
1022,1775752977.3387032,A,1188,1193,1190.5,38,38,5
1023,1775752977.3388412,A,1188,1193,1190.5,38,38,5
1024,1775752977.3390772,A,1188,1193,1190.5,38,38,5
1025,1775752977.3396878,A,1188,1193,1190.5,38,38,5
1026,1775752977.343074,A,1188,1193,1190.5,38,38,5
1027,1775752977.343647,A,1188,1193,1190.5,38,38,5
1028,1775752977.344293,A,1188,1194,1191.0,38,94,6
1029,1775752977.3452759,A,1188,1194,1191.0,38,94,6
1030,1775752977.346487,A,1188,1194,1191.0,38,38,6
1031,1775752977.346754,A,1188,1194,1191.0,38,38,6
1032,1775752977.347169,A,1188,1194,1191.0,38,38,6
1033,1775752977.52877,A,1188,1194,1191.0,38,38,6
1034,1775752977.529644,A,1188,1193,1190.5,38,38,5
1035,1775752977.53329,A,1188,1193,1190.5,38,38,5
1036,1775752977.535558,A,1188,1193,1190.5,38,38,5
1037,1775752977.535724,A,1188,1193,1190.5,38,38,5
1038,1775752977.535876,A,1188,1193,1190.5,38,38,5
1039,1775752977.536143,A,1188,1193,1190.5,38,38,5
1040,1775752977.538058,A,1188,1193,1190.5,38,38,5
1041,1775752977.5398731,A,1188,1193,1190.5,38,38,5
1042,1775752977.540618,A,1188,1193,1190.5,38,38,5
1043,1775752977.5419462,A,1187,1193,1190.0,94,38,6
1044,1775752977.542629,A,1187,1193,1190.0,94,38,6
1045,1775752977.5433779,A,1187,1193,1190.0,38,38,6
1046,1775752977.5439491,A,1187,1193,1190.0,38,38,6
1047,1775752977.544328,A,1187,1193,1190.0,38,38,6
1048,1775752977.544428,A,1187,1193,1190.0,38,38,6
1049,1775752977.728458,A,1187,1193,1190.0,76,38,6
1050,1775752977.73072,A,1187,1193,1190.0,76,76,6
1051,1775752977.732928,A,1187,1193,1190.0,76,76,6
1052,1775752977.735747,A,1187,1193,1190.0,76,76,6
1053,1775752977.735978,A,1187,1193,1190.0,76,76,6
1054,1775752977.7360919,A,1187,1193,1190.0,76,76,6
1055,1775752977.737161,A,1187,1193,1190.0,76,76,6
1056,1775752977.738679,A,1187,1193,1190.0,76,76,6
1057,1775752977.739371,A,1187,1193,1190.0,76,76,6
1058,1775752977.7396212,A,1187,1193,1190.0,76,76,6
1059,1775752977.7421088,A,1187,1193,1190.0,38,76,6
1060,1775752977.742301,A,1187,1193,1190.0,38,38,6
1061,1775752977.742473,A,1187,1193,1190.0,38,38,6
1062,1775752977.7425752,A,1187,1193,1190.0,38,38,6
1063,1775752977.7426581,A,1187,1193,1190.0,38,38,6
1064,1775752977.742752,A,1187,1193,1190.0,38,38,6
1065,1775752977.933141,A,1187,1193,1190.0,38,38,6
1066,1775752977.9348311,A,1187,1189,1188.0,38,38,2
1067,1775752977.93524,A,1187,1189,1188.0,38,38,2
1068,1775752977.935988,A,1187,1189,1188.0,38,38,2
1069,1775752977.937939,A,1187,1189,1188.0,38,38,2
1070,1775752977.938228,A,1187,1189,1188.0,38,38,2
1071,1775752977.938328,A,1187,1189,1188.0,38,38,2
1072,1775752977.940458,A,1187,1189,1188.0,38,38,2
1073,1775752977.940706,A,1187,1189,1188.0,38,38,2
1074,1775752977.940993,A,1187,1189,1188.0,38,38,2
1075,1775752977.9417012,A,1186,1189,1187.5,56,38,3
1076,1775752977.942482,A,1186,1189,1187.5,56,38,3
1077,1775752977.942585,A,1185,1189,1187.0,74,38,4
1078,1775752977.942713,A,1185,1189,1187.0,74,38,4
1079,1775752977.9433348,A,1184,1189,1186.5,92,38,5
1080,1775752977.944203,A,1184,1189,1186.5,92,38,5
1081,1775752978.129523,A,1184,1189,1186.5,92,38,5
1082,1775752978.131325,A,1184,1189,1186.5,92,76,5
1083,1775752978.133101,A,1184,1189,1186.5,92,76,5
1084,1775752978.1335108,A,1184,1189,1186.5,92,76,5
1085,1775752978.133763,A,1184,1189,1186.5,92,76,5
1086,1775752978.133924,A,1184,1189,1186.5,92,76,5
1087,1775752978.134675,A,1184,1189,1186.5,92,76,5
1088,1775752978.1356769,A,1184,1189,1186.5,92,76,5
1089,1775752978.135944,A,1183,1189,1186.0,76,76,6
1090,1775752978.136477,A,1183,1189,1186.0,76,76,6
1091,1775752978.137683,A,1183,1189,1186.0,38,76,6
1092,1775752978.1378372,A,1183,1189,1186.0,38,38,6
1093,1775752978.139943,A,1183,1189,1186.0,38,38,6
1094,1775752978.140057,A,1183,1189,1186.0,38,38,6
1095,1775752978.140743,A,1183,1189,1186.0,38,38,6
1096,1775752978.140942,A,1183,1189,1186.0,38,38,6
1097,1775752978.335656,A,1183,1189,1186.0,76,38,6
1098,1775752978.3391628,A,1183,1189,1186.0,76,76,6
1099,1775752978.3396962,A,1183,1189,1186.0,76,76,6
1100,1775752978.340889,A,1183,1189,1186.0,76,76,6
1101,1775752978.343145,A,1183,1189,1186.0,76,76,6
1102,1775752978.346098,A,1183,1189,1186.0,76,76,6
1103,1775752978.3468401,A,1183,1189,1186.0,76,76,6
1104,1775752978.347083,A,1183,1189,1186.0,76,76,6
1105,1775752978.3485582,A,1183,1189,1186.0,76,76,6
1106,1775752978.3506172,A,1183,1189,1186.0,76,76,6
1107,1775752978.35115,A,1183,1189,1186.0,38,76,6
1108,1775752978.3516521,A,1183,1189,1186.0,38,38,6
1109,1775752978.352874,A,1183,1189,1186.0,38,38,6
1110,1775752978.3541188,A,1183,1189,1186.0,38,38,6
1111,1775752978.354244,A,1183,1189,1186.0,38,38,6
1112,1775752978.354333,A,1183,1189,1186.0,38,38,6
1113,1775752978.527116,A,1184,1189,1186.5,38,38,5
1114,1775752978.528682,A,1184,1189,1186.5,38,38,5
1115,1775752978.532969,A,1184,1189,1186.5,38,38,5
1116,1775752978.5353332,A,1184,1189,1186.5,38,38,5
1117,1775752978.536267,A,1184,1189,1186.5,38,38,5
1118,1775752978.540937,A,1184,1189,1186.5,38,38,5
1119,1775752978.541255,A,1184,1189,1186.5,38,38,5
1120,1775752978.541451,A,1184,1189,1186.5,38,38,5
1121,1775752978.543159,A,1184,1189,1186.5,38,38,5
1122,1775752978.543767,A,1184,1189,1186.5,38,38,5
1123,1775752978.543935,A,1184,1189,1186.5,38,38,5
1124,1775752978.544181,A,1184,1190,1187.0,38,94,6
1125,1775752978.546894,A,1184,1190,1187.0,38,94,6
1126,1775752978.546999,A,1184,1190,1187.0,38,38,6
1127,1775752978.547095,A,1184,1190,1187.0,38,38,6
1128,1775752978.547457,A,1184,1190,1187.0,38,38,6
1129,1775752978.7303832,A,1184,1190,1187.0,38,38,6
1130,1775752978.731172,A,1184,1189,1186.5,38,38,5
1131,1775752978.731741,A,1184,1189,1186.5,38,38,5
1132,1775752978.7321038,A,1184,1189,1186.5,38,38,5
1133,1775752978.732275,A,1184,1189,1186.5,38,38,5
1134,1775752978.7328792,A,1184,1189,1186.5,38,38,5
1135,1775752978.736672,A,1184,1189,1186.5,38,38,5
1136,1775752978.7377121,A,1184,1189,1186.5,38,38,5
1137,1775752978.7384279,A,1184,1189,1186.5,38,38,5
1138,1775752978.74047,A,1184,1189,1186.5,38,38,5
1139,1775752978.740907,A,1183,1189,1186.0,94,38,6
1140,1775752978.741559,A,1183,1189,1186.0,94,38,6
1141,1775752978.742808,A,1183,1189,1186.0,38,38,6
1142,1775752978.742891,A,1183,1189,1186.0,38,38,6
1143,1775752978.743204,A,1183,1189,1186.0,38,38,6
1144,1775752978.74438,A,1183,1189,1186.0,38,38,6
1145,1775752978.940515,A,1184,1189,1186.5,38,38,5
1146,1775752978.943268,A,1184,1189,1186.5,38,38,5
1147,1775752978.9497228,A,1184,1189,1186.5,38,38,5
1148,1775752978.9500768,A,1184,1189,1186.5,38,38,5
1149,1775752978.9519072,A,1184,1189,1186.5,38,38,5
1150,1775752978.953026,A,1184,1189,1186.5,38,38,5
1151,1775752978.954263,A,1184,1189,1186.5,38,38,5
1152,1775752978.9544299,A,1184,1189,1186.5,38,38,5
1153,1775752978.955916,A,1184,1189,1186.5,38,38,5
1154,1775752978.956001,A,1184,1189,1186.5,38,38,5
1155,1775752978.957839,A,1184,1189,1186.5,38,38,5
1156,1775752978.958067,A,1184,1190,1187.0,38,94,6
1157,1775752978.9584482,A,1184,1190,1187.0,38,94,6
1158,1775752978.958747,A,1184,1190,1187.0,38,38,6
1159,1775752978.958828,A,1184,1190,1187.0,38,38,6
1160,1775752978.958911,A,1184,1190,1187.0,38,38,6
1161,1775752979.131115,A,1184,1190,1187.0,38,38,6
1162,1775752979.132797,A,1184,1186,1185.0,38,38,2
1163,1775752979.133804,A,1184,1186,1185.0,38,38,2
1164,1775752979.1360111,A,1184,1186,1185.0,38,38,2
1165,1775752979.136492,A,1184,1186,1185.0,38,38,2
1166,1775752979.1374469,A,1184,1186,1185.0,38,38,2
1167,1775752979.137816,A,1184,1186,1185.0,38,38,2
1168,1775752979.139581,A,1184,1186,1185.0,38,38,2
1169,1775752979.140224,A,1184,1186,1185.0,38,38,2
1170,1775752979.140429,A,1184,1186,1185.0,38,38,2
1171,1775752979.1410701,A,1183,1186,1184.5,56,38,3
1172,1775752979.141601,A,1183,1186,1184.5,56,38,3
1173,1775752979.141705,A,1182,1186,1184.0,74,38,4
1174,1775752979.1420631,A,1182,1186,1184.0,74,38,4
1175,1775752979.142175,A,1181,1186,1183.5,92,38,5
1176,1775752979.1424901,A,1181,1186,1183.5,92,38,5
1177,1775752979.326709,A,1183,1186,1184.5,38,38,3
1178,1775752979.327494,A,1183,1186,1184.5,38,38,3
1179,1775752979.333766,A,1183,1186,1184.5,38,38,3
1180,1775752979.334534,A,1183,1186,1184.5,38,38,3
1181,1775752979.338936,A,1183,1186,1184.5,38,38,3
1182,1775752979.339288,A,1183,1186,1184.5,38,38,3
1183,1775752979.341326,A,1183,1186,1184.5,38,38,3
1184,1775752979.3421,A,1183,1186,1184.5,38,38,3
1185,1775752979.34366,A,1183,1186,1184.5,38,38,3
1186,1775752979.344525,A,1183,1186,1184.5,38,38,3
1187,1775752979.344707,A,1183,1186,1184.5,38,38,3
1188,1775752979.3448892,A,1183,1187,1185.0,38,56,4
1189,1775752979.3462772,A,1183,1187,1185.0,38,56,4
1190,1775752979.3473148,A,1183,1188,1185.5,38,74,5
1191,1775752979.347423,A,1183,1188,1185.5,38,74,5
1192,1775752979.347677,A,1183,1189,1186.0,38,130,6
1193,1775752979.5306299,A,1183,1189,1186.0,38,130,6
1194,1775752979.5325298,A,1183,1186,1184.5,38,38,3
1195,1775752979.5341141,A,1183,1186,1184.5,38,38,3
1196,1775752979.53497,A,1183,1186,1184.5,38,38,3
1197,1775752979.537212,A,1183,1186,1184.5,38,38,3
1198,1775752979.5375612,A,1183,1186,1184.5,38,38,3
1199,1775752979.5390239,A,1183,1186,1184.5,38,38,3
1200,1775752979.540395,A,1183,1186,1184.5,38,38,3
1201,1775752979.544798,A,1183,1186,1184.5,38,38,3
1202,1775752979.54509,A,1183,1186,1184.5,38,38,3
1203,1775752979.5454772,A,1182,1186,1184.0,56,38,4
1204,1775752979.545953,A,1182,1186,1184.0,56,38,4
1205,1775752979.5465229,A,1181,1186,1183.5,74,38,5
1206,1775752979.546957,A,1181,1186,1183.5,74,38,5
1207,1775752979.547225,A,1180,1186,1183.0,130,38,6
1208,1775752979.5478241,A,1180,1186,1183.0,130,38,6
1209,1775752979.728526,A,1181,1186,1183.5,38,38,5
1210,1775752979.728898,A,1181,1186,1183.5,38,38,5
1211,1775752979.729304,A,1181,1186,1183.5,38,38,5
1212,1775752979.733459,A,1181,1186,1183.5,38,38,5
1213,1775752979.734077,A,1181,1186,1183.5,38,38,5
1214,1775752979.736335,A,1181,1186,1183.5,38,38,5
1215,1775752979.738233,A,1181,1186,1183.5,38,38,5
1216,1775752979.738409,A,1181,1186,1183.5,38,38,5
1217,1775752979.739278,A,1181,1186,1183.5,38,38,5
1218,1775752979.739417,A,1181,1186,1183.5,38,38,5
1219,1775752979.740127,A,1181,1186,1183.5,38,38,5
1220,1775752979.7411048,A,1181,1187,1184.0,38,94,6
1221,1775752979.742646,A,1181,1187,1184.0,38,94,6
1222,1775752979.7435951,A,1181,1187,1184.0,38,38,6
1223,1775752979.744312,A,1181,1187,1184.0,38,38,6
1224,1775752979.7456079,A,1181,1187,1184.0,38,38,6
1225,1775752979.932584,A,1181,1187,1184.0,38,38,6
1226,1775752979.9331882,A,1181,1186,1183.5,38,38,5
1227,1775752979.934229,A,1181,1186,1183.5,38,38,5
1228,1775752979.9359539,A,1181,1186,1183.5,38,38,5
1229,1775752979.936757,A,1181,1186,1183.5,38,38,5
1230,1775752979.936873,A,1181,1186,1183.5,38,38,5
1231,1775752979.937588,A,1181,1186,1183.5,38,38,5
1232,1775752979.9390552,A,1181,1186,1183.5,38,38,5
1233,1775752979.940299,A,1181,1186,1183.5,38,38,5
1234,1775752979.9409542,A,1181,1186,1183.5,38,38,5
1235,1775752979.941302,A,1180,1186,1183.0,94,38,6
1236,1775752979.941484,A,1180,1186,1183.0,94,38,6
1237,1775752979.9416478,A,1180,1186,1183.0,38,38,6
1238,1775752979.943446,A,1180,1186,1183.0,38,38,6
1239,1775752979.944423,A,1180,1186,1183.0,38,38,6
1240,1775752979.94528,A,1180,1186,1183.0,38,38,6
1241,1775752980.128336,A,1180,1186,1183.0,38,38,6
1242,1775752980.133302,A,1180,1185,1182.5,38,38,5
1243,1775752980.1337779,A,1180,1185,1182.5,38,38,5
1244,1775752980.133934,A,1180,1185,1182.5,38,38,5
1245,1775752980.134638,A,1180,1185,1182.5,38,38,5
1246,1775752980.136022,A,1180,1185,1182.5,38,38,5
1247,1775752980.13796,A,1180,1185,1182.5,38,38,5
1248,1775752980.1401181,A,1180,1185,1182.5,38,38,5
1249,1775752980.140568,A,1180,1185,1182.5,38,38,5
1250,1775752980.141616,A,1180,1185,1182.5,38,38,5
1251,1775752980.142378,A,1179,1185,1182.0,94,38,6
1252,1775752980.1435158,A,1179,1185,1182.0,94,38,6
1253,1775752980.1438951,A,1179,1185,1182.0,38,38,6
1254,1775752980.144027,A,1179,1185,1182.0,38,38,6
1255,1775752980.1457422,A,1179,1185,1182.0,38,38,6
1256,1775752980.1462111,A,1179,1185,1182.0,38,38,6
1257,1775752980.328984,A,1179,1185,1182.0,38,38,6
1258,1775752980.329998,A,1179,1183,1181.0,38,38,4
1259,1775752980.332766,A,1179,1183,1181.0,38,38,4
1260,1775752980.333993,A,1179,1183,1181.0,38,38,4
1261,1775752980.334804,A,1179,1183,1181.0,38,38,4
1262,1775752980.335733,A,1179,1183,1181.0,38,38,4
1263,1775752980.336614,A,1179,1183,1181.0,38,38,4
1264,1775752980.337269,A,1179,1183,1181.0,38,38,4
1265,1775752980.337753,A,1179,1183,1181.0,38,38,4
1266,1775752980.3386,A,1179,1183,1181.0,38,38,4
1267,1775752980.33877,A,1178,1183,1180.5,56,38,5
1268,1775752980.339092,A,1178,1183,1180.5,56,38,5
1269,1775752980.341509,A,1177,1183,1180.0,112,38,6
1270,1775752980.344342,A,1177,1183,1180.0,112,38,6
1271,1775752980.3456361,A,1177,1183,1180.0,38,38,6
1272,1775752980.3467321,A,1177,1183,1180.0,38,38,6
1273,1775752980.54014,A,1180,1183,1181.5,38,38,3
1274,1775752980.540779,A,1180,1183,1181.5,38,38,3
1275,1775752980.5417368,A,1180,1183,1181.5,38,38,3
1276,1775752980.542131,A,1180,1183,1181.5,38,38,3
1277,1775752980.5425432,A,1180,1183,1181.5,38,38,3
1278,1775752980.543434,A,1180,1183,1181.5,38,38,3
1279,1775752980.5435789,A,1180,1183,1181.5,38,38,3
1280,1775752980.543988,A,1180,1183,1181.5,38,38,3
1281,1775752980.54428,A,1180,1183,1181.5,38,38,3
1282,1775752980.544794,A,1180,1183,1181.5,38,38,3
1283,1775752980.545137,A,1180,1183,1181.5,38,38,3
1284,1775752980.5453491,A,1180,1184,1182.0,38,56,4
1285,1775752980.545547,A,1180,1184,1182.0,38,56,4
1286,1775752980.5456462,A,1180,1185,1182.5,38,74,5
1287,1775752980.545749,A,1180,1185,1182.5,38,74,5
1288,1775752980.5459352,A,1180,1186,1183.0,38,130,6
1289,1775752980.733931,A,1180,1186,1183.0,38,130,6
1290,1775752980.7341702,A,1180,1185,1182.5,38,38,5
1291,1775752980.734572,A,1180,1185,1182.5,38,38,5
1292,1775752980.7397811,A,1180,1185,1182.5,38,38,5
1293,1775752980.740073,A,1180,1185,1182.5,38,38,5
1294,1775752980.741544,A,1180,1185,1182.5,38,38,5
1295,1775752980.7430122,A,1180,1185,1182.5,38,38,5
1296,1775752980.743314,A,1180,1185,1182.5,38,38,5
1297,1775752980.745484,A,1180,1185,1182.5,38,38,5
1298,1775752980.745591,A,1180,1185,1182.5,38,38,5
1299,1775752980.7460108,A,1179,1185,1182.0,94,38,6
1300,1775752980.746274,A,1179,1185,1182.0,94,38,6
1301,1775752980.746531,A,1179,1185,1182.0,38,38,6
1302,1775752980.747709,A,1179,1185,1182.0,38,38,6
1303,1775752980.748696,A,1179,1185,1182.0,38,38,6
1304,1775752980.7491121,A,1179,1185,1182.0,38,38,6
1305,1775752980.925432,A,1179,1185,1182.0,38,38,6
1306,1775752980.9257228,A,1179,1181,1180.0,38,38,2
1307,1775752980.926861,A,1179,1181,1180.0,38,38,2
1308,1775752980.9287412,A,1179,1181,1180.0,38,38,2
1309,1775752980.929336,A,1179,1181,1180.0,38,38,2
1310,1775752980.93071,A,1179,1181,1180.0,38,38,2
1311,1775752980.9311202,A,1179,1181,1180.0,38,38,2
1312,1775752980.9359848,A,1179,1181,1180.0,38,38,2
1313,1775752980.936666,A,1179,1181,1180.0,38,38,2
1314,1775752980.937073,A,1179,1181,1180.0,38,38,2
1315,1775752980.937624,A,1178,1181,1179.5,56,38,3
1316,1775752980.9390311,A,1178,1181,1179.5,56,38,3
1317,1775752980.940319,A,1177,1181,1179.0,74,38,4
1318,1775752980.9404511,A,1177,1181,1179.0,74,38,4
1319,1775752980.942581,A,1176,1181,1178.5,92,38,5
1320,1775752980.94342,A,1176,1181,1178.5,92,38,5
1321,1775752981.132991,A,1177,1181,1179.0,38,38,4
1322,1775752981.139801,A,1177,1181,1179.0,38,38,4
1323,1775752981.141119,A,1177,1181,1179.0,38,38,4
1324,1775752981.1412501,A,1177,1181,1179.0,38,38,4
1325,1775752981.141609,A,1177,1181,1179.0,38,38,4
1326,1775752981.141963,A,1177,1181,1179.0,38,38,4
1327,1775752981.14215,A,1177,1181,1179.0,38,38,4
1328,1775752981.142328,A,1177,1181,1179.0,38,38,4
1329,1775752981.142613,A,1177,1181,1179.0,38,38,4
1330,1775752981.142755,A,1177,1181,1179.0,38,38,4
1331,1775752981.143053,A,1177,1181,1179.0,38,38,4
1332,1775752981.143347,A,1177,1182,1179.5,38,56,5
1333,1775752981.143591,A,1177,1182,1179.5,38,56,5
1334,1775752981.1439931,A,1177,1183,1180.0,38,112,6
1335,1775752981.1449668,A,1177,1183,1180.0,38,112,6
1336,1775752981.145094,A,1177,1183,1180.0,38,38,6
1337,1775752981.348823,A,1177,1183,1180.0,76,38,6
1338,1775752981.350611,A,1177,1183,1180.0,76,76,6
1339,1775752981.350715,A,1177,1183,1180.0,76,76,6
1340,1775752981.350813,A,1177,1183,1180.0,76,76,6
1341,1775752981.350954,A,1177,1183,1180.0,76,76,6
1342,1775752981.35105,A,1177,1183,1180.0,76,76,6
1343,1775752981.351226,A,1177,1183,1180.0,76,76,6
1344,1775752981.351319,A,1177,1183,1180.0,76,76,6
1345,1775752981.351417,A,1177,1183,1180.0,76,76,6
1346,1775752981.351507,A,1177,1183,1180.0,76,76,6
1347,1775752981.351758,A,1177,1183,1180.0,38,76,6
1348,1775752981.351848,A,1177,1183,1180.0,38,38,6
1349,1775752981.3520992,A,1177,1183,1180.0,38,38,6
1350,1775752981.3521988,A,1177,1183,1180.0,38,38,6
1351,1775752981.352303,A,1177,1183,1180.0,38,38,6
1352,1775752981.352566,A,1177,1183,1180.0,38,38,6
1353,1775752981.528416,A,1179,1183,1181.0,38,38,4
1354,1775752981.533522,A,1179,1183,1181.0,38,38,4
1355,1775752981.534157,A,1179,1183,1181.0,38,38,4
1356,1775752981.5346649,A,1179,1183,1181.0,38,38,4
1357,1775752981.53544,A,1179,1183,1181.0,38,38,4
1358,1775752981.536289,A,1179,1183,1181.0,38,38,4
1359,1775752981.5364292,A,1179,1183,1181.0,38,38,4
1360,1775752981.536567,A,1179,1183,1181.0,38,38,4
1361,1775752981.536723,A,1179,1183,1181.0,38,38,4
1362,1775752981.536863,A,1179,1183,1181.0,38,38,4
1363,1775752981.537129,A,1179,1183,1181.0,38,38,4
1364,1775752981.537236,A,1179,1184,1181.5,38,56,5
1365,1775752981.5379221,A,1179,1184,1181.5,38,56,5
1366,1775752981.538054,A,1179,1185,1182.0,38,112,6
1367,1775752981.538177,A,1179,1185,1182.0,38,112,6
1368,1775752981.5382981,A,1179,1185,1182.0,38,38,6
1369,1775752981.729515,A,1179,1185,1182.0,76,38,6
1370,1775752981.735285,A,1179,1185,1182.0,76,76,6
1371,1775752981.735887,A,1179,1185,1182.0,76,76,6
1372,1775752981.736032,A,1179,1185,1182.0,76,76,6
1373,1775752981.7361789,A,1179,1185,1182.0,76,76,6
1374,1775752981.7371871,A,1179,1185,1182.0,76,76,6
1375,1775752981.737325,A,1179,1185,1182.0,76,76,6
1376,1775752981.7374752,A,1179,1185,1182.0,76,76,6
1377,1775752981.7376199,A,1179,1185,1182.0,76,76,6
1378,1775752981.7377632,A,1179,1185,1182.0,76,76,6
1379,1775752981.738029,A,1179,1185,1182.0,38,76,6
1380,1775752981.738411,A,1179,1185,1182.0,38,38,6
1381,1775752981.738622,A,1179,1185,1182.0,38,38,6
1382,1775752981.739191,A,1179,1185,1182.0,38,38,6
1383,1775752981.739295,A,1179,1185,1182.0,38,38,6
1384,1775752981.739574,A,1179,1185,1182.0,38,38,6
1385,1775752981.945795,A,1179,1185,1182.0,76,38,6
1386,1775752981.9471412,A,1179,1185,1182.0,76,76,6
1387,1775752981.9473338,A,1179,1185,1182.0,76,76,6
1388,1775752981.9511628,A,1179,1185,1182.0,76,76,6
1389,1775752981.951568,A,1179,1185,1182.0,76,76,6
1390,1775752981.954131,A,1179,1185,1182.0,76,76,6
1391,1775752981.954705,A,1179,1185,1182.0,76,76,6
1392,1775752981.955793,A,1179,1185,1182.0,76,76,6
1393,1775752981.957092,A,1179,1185,1182.0,76,76,6
1394,1775752981.9571881,A,1179,1185,1182.0,76,76,6
1395,1775752981.9582038,A,1179,1185,1182.0,38,76,6
1396,1775752981.958302,A,1179,1185,1182.0,38,38,6
1397,1775752981.958634,A,1179,1185,1182.0,38,38,6
1398,1775752981.959123,A,1179,1185,1182.0,38,38,6
1399,1775752981.960128,A,1179,1185,1182.0,38,38,6
1400,1775752981.9606888,A,1179,1185,1182.0,38,38,6
1401,1775752982.151259,A,1183,1185,1184.0,38,38,2
1402,1775752982.1527731,A,1183,1185,1184.0,38,38,2
1403,1775752982.155066,A,1183,1185,1184.0,38,38,2
1404,1775752982.155188,A,1183,1185,1184.0,38,38,2
1405,1775752982.1553988,A,1183,1185,1184.0,38,38,2
1406,1775752982.157239,A,1183,1185,1184.0,38,38,2
1407,1775752982.157965,A,1183,1185,1184.0,38,38,2
1408,1775752982.158067,A,1183,1185,1184.0,38,38,2
1409,1775752982.1594281,A,1183,1185,1184.0,38,38,2
1410,1775752982.159884,A,1183,1185,1184.0,38,38,2
1411,1775752982.160387,A,1183,1185,1184.0,38,38,2
1412,1775752982.1608021,A,1183,1186,1184.5,38,56,3
1413,1775752982.1608949,A,1183,1186,1184.5,38,56,3
1414,1775752982.161315,A,1183,1187,1185.0,38,74,4
1415,1775752982.161407,A,1183,1187,1185.0,38,74,4
1416,1775752982.161501,A,1183,1188,1185.5,38,92,5
1417,1775752982.33264,A,1184,1188,1186.0,38,92,4
1418,1775752982.333626,A,1184,1188,1186.0,38,92,4
1419,1775752982.335229,A,1184,1188,1186.0,38,92,4
1420,1775752982.3354082,A,1184,1188,1186.0,38,92,4
1421,1775752982.3370318,A,1184,1188,1186.0,38,92,4
1422,1775752982.3388789,A,1184,1188,1186.0,38,92,4
1423,1775752982.3391309,A,1184,1188,1186.0,38,92,4
1424,1775752982.340576,A,1184,1188,1186.0,38,92,4
1425,1775752982.340956,A,1184,1188,1186.0,38,92,4
1426,1775752982.342634,A,1184,1189,1186.5,38,38,5
1427,1775752982.3430452,A,1184,1189,1186.5,38,38,5
1428,1775752982.343374,A,1184,1190,1187.0,38,94,6
1429,1775752982.343986,A,1184,1190,1187.0,38,94,6
1430,1775752982.344904,A,1184,1190,1187.0,38,38,6
1431,1775752982.345291,A,1184,1190,1187.0,38,38,6
1432,1775752982.345376,A,1184,1190,1187.0,38,38,6
1433,1775752982.532166,A,1184,1190,1187.0,38,38,6
1434,1775752982.535628,A,1184,1189,1186.5,38,38,5
1435,1775752982.537842,A,1184,1189,1186.5,38,38,5
1436,1775752982.539451,A,1184,1189,1186.5,38,38,5
1437,1775752982.5400882,A,1184,1189,1186.5,38,38,5
1438,1775752982.541992,A,1184,1189,1186.5,38,38,5
1439,1775752982.5430028,A,1184,1189,1186.5,38,38,5
1440,1775752982.543586,A,1184,1189,1186.5,38,38,5
1441,1775752982.54455,A,1184,1189,1186.5,38,38,5
1442,1775752982.544836,A,1184,1189,1186.5,38,38,5
1443,1775752982.5453272,A,1183,1189,1186.0,94,38,6
1444,1775752982.545502,A,1183,1189,1186.0,94,38,6
1445,1775752982.545595,A,1183,1189,1186.0,38,38,6
1446,1775752982.5468311,A,1183,1189,1186.0,38,38,6
1447,1775752982.54821,A,1183,1189,1186.0,38,38,6
1448,1775752982.5482938,A,1183,1189,1186.0,38,38,6
1449,1775752982.7259579,A,1183,1189,1186.0,38,38,6
1450,1775752982.7278771,A,1183,1186,1184.5,38,38,3
1451,1775752982.7282481,A,1183,1186,1184.5,38,38,3
1452,1775752982.729874,A,1183,1186,1184.5,38,38,3
1453,1775752982.732654,A,1183,1186,1184.5,38,38,3
1454,1775752982.733066,A,1183,1186,1184.5,38,38,3
1455,1775752982.733443,A,1183,1186,1184.5,38,38,3
1456,1775752982.736376,A,1183,1186,1184.5,38,38,3
1457,1775752982.7368,A,1183,1186,1184.5,38,38,3
1458,1775752982.7409081,A,1183,1186,1184.5,38,38,3
1459,1775752982.742002,A,1182,1186,1184.0,56,38,4
1460,1775752982.742597,A,1182,1186,1184.0,56,38,4
1461,1775752982.743189,A,1181,1186,1183.5,74,38,5
1462,1775752982.743585,A,1181,1186,1183.5,74,38,5
1463,1775752982.745801,A,1180,1186,1183.0,130,38,6
1464,1775752982.746711,A,1180,1186,1183.0,130,38,6
1465,1775752982.932172,A,1180,1186,1183.0,130,38,6
1466,1775752982.932336,A,1180,1185,1182.5,130,38,5
1467,1775752982.9334772,A,1180,1185,1182.5,130,38,5
1468,1775752982.933656,A,1180,1185,1182.5,130,38,5
1469,1775752982.934295,A,1180,1185,1182.5,130,38,5
1470,1775752982.9346611,A,1180,1185,1182.5,130,38,5
1471,1775752982.934807,A,1180,1185,1182.5,130,38,5
1472,1775752982.935403,A,1180,1185,1182.5,130,38,5
1473,1775752982.935901,A,1180,1185,1182.5,38,38,5
1474,1775752982.9376872,A,1180,1185,1182.5,38,38,5
1475,1775752982.939282,A,1179,1185,1182.0,94,38,6
1476,1775752982.9404218,A,1179,1185,1182.0,94,38,6
1477,1775752982.941569,A,1179,1185,1182.0,38,38,6
1478,1775752982.942152,A,1179,1185,1182.0,38,38,6
1479,1775752982.944298,A,1179,1185,1182.0,38,38,6
1480,1775752982.9455519,A,1179,1185,1182.0,38,38,6
1481,1775752983.134845,A,1179,1185,1182.0,76,38,6
1482,1775752983.1366751,A,1179,1185,1182.0,76,76,6
1483,1775752983.138805,A,1179,1185,1182.0,76,76,6
1484,1775752983.139147,A,1179,1185,1182.0,76,76,6
1485,1775752983.141172,A,1179,1185,1182.0,76,76,6
1486,1775752983.1416378,A,1179,1185,1182.0,76,76,6
1487,1775752983.1436212,A,1179,1185,1182.0,76,76,6
1488,1775752983.1441522,A,1179,1185,1182.0,76,76,6
1489,1775752983.144556,A,1179,1185,1182.0,76,76,6
1490,1775752983.1446989,A,1179,1185,1182.0,76,76,6
1491,1775752983.146344,A,1179,1185,1182.0,38,76,6
1492,1775752983.146448,A,1179,1185,1182.0,38,38,6
1493,1775752983.148414,A,1179,1185,1182.0,38,38,6
1494,1775752983.148572,A,1179,1185,1182.0,38,38,6
1495,1775752983.1486561,A,1179,1185,1182.0,38,38,6
1496,1775752983.148909,A,1179,1185,1182.0,38,38,6
1497,1775752983.33318,A,1179,1185,1182.0,76,38,6
1498,1775752983.33405,A,1179,1185,1182.0,76,76,6
1499,1775752983.334224,A,1179,1185,1182.0,76,76,6
1500,1775752983.3343868,A,1179,1185,1182.0,76,76,6
1501,1775752983.337088,A,1179,1185,1182.0,76,76,6
1502,1775752983.33724,A,1179,1185,1182.0,76,76,6
1503,1775752983.340032,A,1179,1185,1182.0,76,76,6
1504,1775752983.340162,A,1179,1185,1182.0,76,76,6
1505,1775752983.341411,A,1179,1185,1182.0,76,76,6
1506,1775752983.342384,A,1179,1185,1182.0,76,76,6
1507,1775752983.3439748,A,1179,1185,1182.0,38,76,6
1508,1775752983.344502,A,1179,1185,1182.0,38,38,6
1509,1775752983.345582,A,1179,1185,1182.0,38,38,6
1510,1775752983.3461702,A,1179,1185,1182.0,38,38,6
1511,1775752983.3464608,A,1179,1185,1182.0,38,38,6
1512,1775752983.3467379,A,1179,1185,1182.0,38,38,6
1513,1775752983.534369,A,1182,1185,1183.5,38,38,3
1514,1775752983.5345101,A,1182,1185,1183.5,38,38,3
1515,1775752983.534623,A,1182,1185,1183.5,38,38,3
1516,1775752983.5370162,A,1182,1185,1183.5,38,38,3
1517,1775752983.5387478,A,1182,1185,1183.5,38,38,3
1518,1775752983.539476,A,1182,1185,1183.5,38,38,3
1519,1775752983.540086,A,1182,1185,1183.5,38,38,3
1520,1775752983.540965,A,1182,1185,1183.5,38,38,3
1521,1775752983.541131,A,1182,1185,1183.5,38,38,3
1522,1775752983.541417,A,1182,1185,1183.5,38,38,3
1523,1775752983.544959,A,1182,1185,1183.5,38,38,3
1524,1775752983.545724,A,1182,1186,1184.0,38,56,4
1525,1775752983.5466151,A,1182,1186,1184.0,38,56,4
1526,1775752983.548029,A,1182,1187,1184.5,38,74,5
1527,1775752983.548424,A,1182,1187,1184.5,38,74,5
1528,1775752983.549494,A,1182,1188,1185.0,38,130,6
1529,1775752983.775465,A,1186,1188,1187.0,38,130,2
1530,1775752983.776474,A,1186,1188,1187.0,38,130,2
1531,1775752983.778046,A,1186,1188,1187.0,38,130,2
1532,1775752983.7789912,A,1186,1188,1187.0,38,130,2
1533,1775752983.780245,A,1186,1188,1187.0,38,130,2
1534,1775752983.780959,A,1186,1188,1187.0,38,130,2
1535,1775752983.782451,A,1186,1188,1187.0,38,130,2
1536,1775752983.78763,A,1186,1188,1187.0,38,130,2
1537,1775752983.790178,A,1186,1188,1187.0,38,130,2
1538,1775752983.790334,A,1186,1188,1187.0,38,38,2
1539,1775752983.790723,A,1186,1188,1187.0,38,38,2
1540,1775752983.790835,A,1186,1189,1187.5,38,56,3
1541,1775752983.793757,A,1186,1189,1187.5,38,56,3
1542,1775752983.794094,A,1186,1190,1188.0,38,74,4
1543,1775752983.795298,A,1186,1190,1188.0,38,74,4
1544,1775752983.795569,A,1186,1191,1188.5,38,92,5
1545,1775752983.929664,A,1187,1191,1189.0,38,92,4
1546,1775752983.930748,A,1187,1191,1189.0,38,92,4
1547,1775752983.931943,A,1187,1191,1189.0,38,92,4
1548,1775752983.932138,A,1187,1191,1189.0,38,92,4
1549,1775752983.9335449,A,1187,1191,1189.0,38,92,4
1550,1775752983.9379468,A,1187,1191,1189.0,38,92,4
1551,1775752983.938932,A,1187,1191,1189.0,38,92,4
1552,1775752983.940209,A,1187,1191,1189.0,38,92,4
1553,1775752983.940753,A,1187,1191,1189.0,38,92,4
1554,1775752983.941516,A,1187,1192,1189.5,38,38,5
1555,1775752983.942285,A,1187,1192,1189.5,38,38,5
1556,1775752983.942644,A,1187,1193,1190.0,38,94,6
1557,1775752983.9432268,A,1187,1193,1190.0,38,94,6
1558,1775752983.943844,A,1187,1193,1190.0,38,38,6
1559,1775752983.9446578,A,1187,1193,1190.0,38,38,6
1560,1775752983.945492,A,1187,1193,1190.0,38,38,6
1561,1775752984.136578,A,1187,1193,1190.0,76,38,6
1562,1775752984.13715,A,1187,1193,1190.0,76,76,6
1563,1775752984.1373062,A,1187,1193,1190.0,76,76,6
1564,1775752984.1374521,A,1187,1193,1190.0,76,76,6
1565,1775752984.137941,A,1187,1193,1190.0,76,76,6
1566,1775752984.1395872,A,1187,1193,1190.0,76,76,6
1567,1775752984.142622,A,1187,1193,1190.0,76,76,6
1568,1775752984.144471,A,1187,1193,1190.0,76,76,6
1569,1775752984.1446998,A,1187,1193,1190.0,76,76,6
1570,1775752984.1455722,A,1187,1193,1190.0,76,76,6
1571,1775752984.146697,A,1187,1193,1190.0,38,76,6
1572,1775752984.147739,A,1187,1193,1190.0,38,38,6
1573,1775752984.147857,A,1187,1193,1190.0,38,38,6
1574,1775752984.147957,A,1187,1193,1190.0,38,38,6
1575,1775752984.1482382,A,1187,1193,1190.0,38,38,6
1576,1775752984.1487901,A,1187,1193,1190.0,38,38,6
1577,1775752984.3330839,A,1188,1193,1190.5,38,38,5
1578,1775752984.334215,A,1188,1193,1190.5,38,38,5
1579,1775752984.334916,A,1188,1193,1190.5,38,38,5
1580,1775752984.335386,A,1188,1193,1190.5,38,38,5
1581,1775752984.336746,A,1188,1193,1190.5,38,38,5
1582,1775752984.3372512,A,1188,1193,1190.5,38,38,5
1583,1775752984.337767,A,1188,1193,1190.5,38,38,5
1584,1775752984.338492,A,1188,1193,1190.5,38,38,5
1585,1775752984.339317,A,1188,1193,1190.5,38,38,5
1586,1775752984.339434,A,1188,1193,1190.5,38,38,5
1587,1775752984.341152,A,1188,1193,1190.5,38,38,5
1588,1775752984.341284,A,1188,1194,1191.0,38,94,6
1589,1775752984.3430989,A,1188,1194,1191.0,38,94,6
1590,1775752984.343462,A,1188,1194,1191.0,38,38,6
1591,1775752984.343873,A,1188,1194,1191.0,38,38,6
1592,1775752984.344189,A,1188,1194,1191.0,38,38,6
1593,1775752984.540101,A,1188,1194,1191.0,38,38,6
1594,1775752984.542001,A,1188,1191,1189.5,38,38,3
1595,1775752984.544184,A,1188,1191,1189.5,38,38,3
1596,1775752984.544996,A,1188,1191,1189.5,38,38,3
1597,1775752984.545155,A,1188,1191,1189.5,38,38,3
1598,1775752984.546179,A,1188,1191,1189.5,38,38,3
1599,1775752984.547331,A,1188,1191,1189.5,38,38,3
1600,1775752984.547721,A,1188,1191,1189.5,38,38,3
1601,1775752984.548214,A,1188,1191,1189.5,38,38,3
1602,1775752984.548474,A,1188,1191,1189.5,38,38,3
1603,1775752984.548757,A,1187,1191,1189.0,56,38,4
1604,1775752984.5497081,A,1187,1191,1189.0,56,38,4
1605,1775752984.552356,A,1186,1191,1188.5,74,38,5
1606,1775752984.552547,A,1186,1191,1188.5,74,38,5
1607,1775752984.55282,A,1185,1191,1188.0,130,38,6
1608,1775752984.553431,A,1185,1191,1188.0,130,38,6
1609,1775752984.732067,A,1186,1191,1188.5,38,38,5
1610,1775752984.7330382,A,1186,1191,1188.5,38,38,5
1611,1775752984.7333272,A,1186,1191,1188.5,38,38,5
1612,1775752984.733964,A,1186,1191,1188.5,38,38,5
1613,1775752984.734385,A,1186,1191,1188.5,38,38,5
1614,1775752984.73567,A,1186,1191,1188.5,38,38,5
1615,1775752984.736796,A,1186,1191,1188.5,38,38,5
1616,1775752984.737504,A,1186,1191,1188.5,38,38,5
1617,1775752984.738135,A,1186,1191,1188.5,38,38,5
1618,1775752984.738343,A,1186,1191,1188.5,38,38,5
1619,1775752984.738723,A,1186,1191,1188.5,38,38,5
1620,1775752984.738969,A,1186,1192,1189.0,38,94,6
1621,1775752984.7391338,A,1186,1192,1189.0,38,94,6
1622,1775752984.739653,A,1186,1192,1189.0,38,38,6
1623,1775752984.740892,A,1186,1192,1189.0,38,38,6
1624,1775752984.7410188,A,1186,1192,1189.0,38,38,6
1625,1775752984.9278898,A,1189,1192,1190.5,38,38,3
1626,1775752984.930667,A,1189,1192,1190.5,38,38,3
1627,1775752984.932517,A,1189,1192,1190.5,38,38,3
1628,1775752984.932839,A,1189,1192,1190.5,38,38,3
1629,1775752984.9332328,A,1189,1192,1190.5,38,38,3
1630,1775752984.938263,A,1189,1192,1190.5,38,38,3
1631,1775752984.938412,A,1189,1192,1190.5,38,38,3
1632,1775752984.938621,A,1189,1192,1190.5,38,38,3
1633,1775752984.9403121,A,1189,1192,1190.5,38,38,3
1634,1775752984.940416,A,1189,1192,1190.5,38,38,3
1635,1775752984.9405172,A,1189,1192,1190.5,38,38,3
1636,1775752984.9406312,A,1189,1193,1191.0,38,56,4
1637,1775752984.940738,A,1189,1193,1191.0,38,56,4
1638,1775752984.940841,A,1189,1194,1191.5,38,74,5
1639,1775752984.940949,A,1189,1194,1191.5,38,74,5
1640,1775752984.941046,A,1189,1195,1192.0,38,130,6
1641,1775752985.130316,A,1194,1195,1194.5,38,130,1
1642,1775752985.130847,A,1194,1195,1194.5,38,130,1
1643,1775752985.131,A,1194,1195,1194.5,38,130,1
1644,1775752985.1317,A,1194,1195,1194.5,38,130,1
1645,1775752985.131846,A,1194,1195,1194.5,38,130,1
1646,1775752985.131926,A,1194,1195,1194.5,38,130,1
1647,1775752985.132006,A,1194,1195,1194.5,38,130,1
1648,1775752985.132094,A,1194,1195,1194.5,38,130,1
1649,1775752985.132243,A,1194,1195,1194.5,38,130,1
1650,1775752985.132929,A,1194,1195,1194.5,38,38,1
1651,1775752985.133009,A,1194,1195,1194.5,38,38,1
1652,1775752985.1330838,A,1194,1196,1195.0,38,56,2
1653,1775752985.133482,A,1194,1196,1195.0,38,56,2
1654,1775752985.133814,A,1194,1197,1195.5,38,74,3
1655,1775752985.133888,A,1194,1197,1195.5,38,74,3
1656,1775752985.1340952,A,1194,1198,1196.0,38,92,4
1657,1775752985.330733,A,1194,1198,1196.0,38,92,4
1658,1775752985.333567,A,1194,1198,1196.0,38,130,4
1659,1775752985.335454,A,1194,1198,1196.0,38,130,4
1660,1775752985.337963,A,1194,1198,1196.0,38,130,4
1661,1775752985.3390138,A,1194,1198,1196.0,38,130,4
1662,1775752985.339498,A,1194,1198,1196.0,38,130,4
1663,1775752985.339707,A,1194,1198,1196.0,38,130,4
1664,1775752985.340998,A,1194,1198,1196.0,38,130,4
1665,1775752985.3415208,A,1194,1198,1196.0,38,130,4
1666,1775752985.342011,A,1194,1198,1196.0,38,38,4
1667,1775752985.342462,A,1193,1198,1195.5,56,38,5
1668,1775752985.343425,A,1193,1198,1195.5,56,38,5
1669,1775752985.3442612,A,1192,1198,1195.0,112,38,6
1670,1775752985.345983,A,1192,1198,1195.0,112,38,6
1671,1775752985.3477702,A,1192,1198,1195.0,38,38,6
1672,1775752985.348655,A,1192,1198,1195.0,38,38,6
1673,1775752985.536025,A,1192,1198,1195.0,76,38,6
1674,1775752985.537502,A,1192,1198,1195.0,76,76,6
1675,1775752985.538143,A,1192,1198,1195.0,76,76,6
1676,1775752985.539001,A,1192,1198,1195.0,76,76,6
1677,1775752985.5397718,A,1192,1198,1195.0,76,76,6
1678,1775752985.541398,A,1192,1198,1195.0,76,76,6
1679,1775752985.542207,A,1192,1198,1195.0,76,76,6
1680,1775752985.542816,A,1192,1198,1195.0,76,76,6
1681,1775752985.543576,A,1192,1198,1195.0,76,76,6
1682,1775752985.544925,A,1192,1198,1195.0,76,76,6
1683,1775752985.5455391,A,1192,1198,1195.0,38,76,6
1684,1775752985.546423,A,1192,1198,1195.0,38,38,6
1685,1775752985.5472481,A,1192,1198,1195.0,38,38,6
1686,1775752985.547372,A,1192,1198,1195.0,38,38,6
1687,1775752985.548162,A,1192,1198,1195.0,38,38,6
1688,1775752985.549713,A,1192,1198,1195.0,38,38,6
1689,1775752985.727639,A,1192,1198,1195.0,38,38,6
1690,1775752985.727813,A,1192,1195,1193.5,38,38,3
1691,1775752985.729019,A,1192,1195,1193.5,38,38,3
1692,1775752985.729563,A,1192,1195,1193.5,38,38,3
1693,1775752985.7336981,A,1192,1195,1193.5,38,38,3
1694,1775752985.734412,A,1192,1195,1193.5,38,38,3
1695,1775752985.734812,A,1192,1195,1193.5,38,38,3
1696,1775752985.735541,A,1192,1195,1193.5,38,38,3
1697,1775752985.735937,A,1192,1195,1193.5,38,38,3
1698,1775752985.7386382,A,1192,1195,1193.5,38,38,3
1699,1775752985.73925,A,1191,1195,1193.0,56,38,4
1700,1775752985.740504,A,1191,1195,1193.0,56,38,4
1701,1775752985.741014,A,1190,1195,1192.5,74,38,5
1702,1775752985.741979,A,1190,1195,1192.5,74,38,5
1703,1775752985.7421892,A,1189,1195,1192.0,130,38,6
1704,1775752985.742833,A,1189,1195,1192.0,130,38,6
1705,1775752985.930458,A,1189,1195,1192.0,130,38,6
1706,1775752985.932394,A,1189,1194,1191.5,130,38,5
1707,1775752985.9332612,A,1189,1194,1191.5,130,38,5
1708,1775752985.9350011,A,1189,1194,1191.5,130,38,5
1709,1775752985.9378219,A,1189,1194,1191.5,130,38,5
1710,1775752985.9384131,A,1189,1194,1191.5,130,38,5
1711,1775752985.9386601,A,1189,1194,1191.5,130,38,5
1712,1775752985.941946,A,1189,1194,1191.5,130,38,5
1713,1775752985.9434,A,1189,1194,1191.5,38,38,5
1714,1775752985.944461,A,1189,1194,1191.5,38,38,5
1715,1775752985.944551,A,1188,1194,1191.0,94,38,6
1716,1775752985.945332,A,1188,1194,1191.0,94,38,6
1717,1775752985.945878,A,1188,1194,1191.0,38,38,6
1718,1775752985.946858,A,1188,1194,1191.0,38,38,6
1719,1775752985.947723,A,1188,1194,1191.0,38,38,6
1720,1775752985.949337,A,1188,1194,1191.0,38,38,6
1721,1775752986.128737,A,1188,1194,1191.0,38,38,6
1722,1775752986.12948,A,1188,1193,1190.5,38,38,5
1723,1775752986.131309,A,1188,1193,1190.5,38,38,5
1724,1775752986.132669,A,1188,1193,1190.5,38,38,5
1725,1775752986.13306,A,1188,1193,1190.5,38,38,5
1726,1775752986.1339269,A,1188,1193,1190.5,38,38,5
1727,1775752986.134374,A,1188,1193,1190.5,38,38,5
1728,1775752986.135463,A,1188,1193,1190.5,38,38,5
1729,1775752986.1358202,A,1188,1193,1190.5,38,38,5
1730,1775752986.136503,A,1188,1193,1190.5,38,38,5
1731,1775752986.138277,A,1187,1193,1190.0,94,38,6
1732,1775752986.13845,A,1187,1193,1190.0,94,38,6
1733,1775752986.140398,A,1187,1193,1190.0,38,38,6
1734,1775752986.14105,A,1187,1193,1190.0,38,38,6
1735,1775752986.141981,A,1187,1193,1190.0,38,38,6
1736,1775752986.142244,A,1187,1193,1190.0,38,38,6
1737,1775752986.328665,A,1187,1193,1190.0,38,38,6
1738,1775752986.329707,A,1187,1192,1189.5,38,38,5
1739,1775752986.330058,A,1187,1192,1189.5,38,38,5
1740,1775752986.331945,A,1187,1192,1189.5,38,38,5
1741,1775752986.332139,A,1187,1192,1189.5,38,38,5
1742,1775752986.333332,A,1187,1192,1189.5,38,38,5
1743,1775752986.334673,A,1187,1192,1189.5,38,38,5
1744,1775752986.334823,A,1187,1192,1189.5,38,38,5
1745,1775752986.3355489,A,1187,1192,1189.5,38,38,5
1746,1775752986.336631,A,1187,1192,1189.5,38,38,5
1747,1775752986.336916,A,1186,1192,1189.0,94,38,6
1748,1775752986.337287,A,1186,1192,1189.0,94,38,6
1749,1775752986.337449,A,1186,1192,1189.0,38,38,6
1750,1775752986.338392,A,1186,1192,1189.0,38,38,6
1751,1775752986.338496,A,1186,1192,1189.0,38,38,6
1752,1775752986.338582,A,1186,1192,1189.0,38,38,6
1753,1775752986.534004,A,1186,1192,1189.0,38,38,6
1754,1775752986.534229,A,1186,1189,1187.5,38,38,3
1755,1775752986.534445,A,1186,1181,1183.5,38,185,-5
1756,1775752986.535705,A,1185,1181,1183.0,56,185,-4
1757,1775752986.535973,A,1185,1181,1183.0,56,185,-4
1758,1775752986.536194,A,1184,1181,1182.5,75,185,-3
1759,1775752986.536384,A,1184,1189,1186.5,75,38,5
1760,1775752986.537569,A,1184,1189,1186.5,75,38,5
1761,1775752986.537876,A,1184,1189,1186.5,75,38,5
1762,1775752986.541288,A,1184,1189,1186.5,75,38,5
1763,1775752986.5416489,A,1184,1189,1186.5,75,38,5
1764,1775752986.543036,A,1184,1189,1186.5,75,38,5
1765,1775752986.543181,A,1184,1189,1186.5,75,38,5
1766,1775752986.544271,A,1183,1189,1186.0,130,38,6
1767,1775752986.544523,A,1183,1189,1186.0,130,38,6
1768,1775752986.546005,A,1183,1189,1186.0,130,38,6
1769,1775752986.547192,A,1183,1189,1186.0,130,38,6
1770,1775752986.547559,A,1183,1189,1186.0,130,38,6
1771,1775752986.7293062,A,1183,1189,1186.0,130,38,6
1772,1775752986.731118,A,1183,1186,1184.5,130,38,3
1773,1775752986.731808,A,1183,1186,1184.5,130,38,3
1774,1775752986.732075,A,1183,1186,1184.5,130,38,3
1775,1775752986.732897,A,1183,1186,1184.5,130,38,3
1776,1775752986.733024,A,1183,1186,1184.5,130,38,3
1777,1775752986.733122,A,1183,1186,1184.5,130,38,3
1778,1775752986.7345338,A,1183,1186,1184.5,130,38,3
1779,1775752986.7354538,A,1183,1186,1184.5,38,38,3
1780,1775752986.7358751,A,1183,1186,1184.5,38,38,3
1781,1775752986.736508,A,1182,1186,1184.0,56,38,4
1782,1775752986.7383292,A,1182,1186,1184.0,56,38,4
1783,1775752986.740854,A,1181,1186,1183.5,74,38,5
1784,1775752986.741151,A,1181,1186,1183.5,74,38,5
1785,1775752986.741431,A,1180,1186,1183.0,130,38,6
1786,1775752986.741709,A,1180,1186,1183.0,130,38,6
1787,1775752986.925052,A,1180,1186,1183.0,168,38,6
1788,1775752986.925461,A,1180,1186,1183.0,168,76,6
1789,1775752986.9255931,A,1180,1186,1183.0,168,76,6
1790,1775752986.926217,A,1180,1186,1183.0,168,76,6
1791,1775752986.926861,A,1180,1186,1183.0,168,76,6
1792,1775752986.9271219,A,1180,1186,1183.0,168,76,6
1793,1775752986.927608,A,1180,1186,1183.0,168,76,6
1794,1775752986.928587,A,1180,1186,1183.0,168,76,6
1795,1775752986.92863,A,1180,1186,1183.0,76,76,6
1796,1775752986.928681,A,1180,1186,1183.0,76,76,6
1797,1775752986.9288142,A,1180,1186,1183.0,38,76,6
1798,1775752986.929076,A,1180,1186,1183.0,38,38,6
1799,1775752986.929323,A,1180,1186,1183.0,38,38,6
1800,1775752986.9293828,A,1180,1186,1183.0,38,38,6
1801,1775752986.929427,A,1180,1186,1183.0,38,38,6
1802,1775752986.929467,A,1180,1186,1183.0,38,38,6
1803,1775752987.130305,A,1180,1186,1183.0,38,38,6
1804,1775752987.130469,A,1180,1184,1182.0,38,38,4
1805,1775752987.131217,A,1180,1184,1182.0,38,38,4
1806,1775752987.133208,A,1180,1184,1182.0,38,38,4
1807,1775752987.1344268,A,1180,1184,1182.0,38,38,4
1808,1775752987.135085,A,1180,1184,1182.0,38,38,4
1809,1775752987.135909,A,1180,1184,1182.0,38,38,4
1810,1775752987.136307,A,1180,1184,1182.0,38,38,4
1811,1775752987.136679,A,1180,1184,1182.0,38,38,4
1812,1775752987.13687,A,1180,1184,1182.0,38,38,4
1813,1775752987.136965,A,1179,1184,1181.5,56,38,5
1814,1775752987.1378171,A,1179,1184,1181.5,56,38,5
1815,1775752987.138006,A,1178,1184,1181.0,112,38,6
1816,1775752987.138557,A,1178,1184,1181.0,112,38,6
1817,1775752987.1386292,A,1178,1184,1181.0,38,38,6
1818,1775752987.139293,A,1178,1184,1181.0,38,38,6
1819,1775752987.327477,A,1178,1184,1181.0,38,38,6
1820,1775752987.3308458,A,1178,1183,1180.5,38,38,5
1821,1775752987.332835,A,1178,1183,1180.5,38,38,5
1822,1775752987.33429,A,1178,1183,1180.5,38,38,5
1823,1775752987.336689,A,1178,1183,1180.5,38,38,5
1824,1775752987.337701,A,1178,1183,1180.5,38,38,5
1825,1775752987.339561,A,1178,1183,1180.5,38,38,5
1826,1775752987.3403509,A,1178,1183,1180.5,38,38,5
1827,1775752987.342886,A,1178,1183,1180.5,38,38,5
1828,1775752987.343144,A,1178,1183,1180.5,38,38,5
1829,1775752987.344272,A,1177,1183,1180.0,94,38,6
1830,1775752987.346623,A,1177,1183,1180.0,94,38,6
1831,1775752987.347244,A,1177,1183,1180.0,38,38,6
1832,1775752987.3473642,A,1177,1183,1180.0,38,38,6
1833,1775752987.347668,A,1177,1183,1180.0,38,38,6
1834,1775752987.347775,A,1177,1183,1180.0,38,38,6
1835,1775752987.529512,A,1177,1183,1180.0,38,38,6
1836,1775752987.5313332,A,1177,1182,1179.5,38,38,5
1837,1775752987.531769,A,1177,1182,1179.5,38,38,5
1838,1775752987.5327501,A,1177,1182,1179.5,38,38,5
1839,1775752987.533139,A,1177,1182,1179.5,38,38,5
1840,1775752987.533747,A,1177,1182,1179.5,38,38,5
1841,1775752987.5385711,A,1177,1182,1179.5,38,38,5
1842,1775752987.539367,A,1177,1182,1179.5,38,38,5
1843,1775752987.5414941,A,1177,1182,1179.5,38,38,5
1844,1775752987.542013,A,1177,1182,1179.5,38,38,5
1845,1775752987.544575,A,1176,1182,1179.0,94,38,6
1846,1775752987.544775,A,1176,1182,1179.0,94,38,6
1847,1775752987.5461838,A,1176,1182,1179.0,38,38,6
1848,1775752987.5482519,A,1176,1182,1179.0,38,38,6
1849,1775752987.548765,A,1176,1182,1179.0,38,38,6
1850,1775752987.5488482,A,1176,1182,1179.0,38,38,6
1851,1775752987.730151,A,1176,1182,1179.0,38,38,6
1852,1775752987.7342982,A,1176,1181,1178.5,38,38,5
1853,1775752987.7346509,A,1176,1181,1178.5,38,38,5
1854,1775752987.7349231,A,1176,1181,1178.5,38,38,5
1855,1775752987.736356,A,1176,1181,1178.5,38,38,5
1856,1775752987.73727,A,1176,1181,1178.5,38,38,5
1857,1775752987.7376509,A,1176,1181,1178.5,38,38,5
1858,1775752987.739329,A,1176,1181,1178.5,38,38,5
1859,1775752987.740287,A,1176,1181,1178.5,38,38,5
1860,1775752987.7425852,A,1176,1181,1178.5,38,38,5
1861,1775752987.7428539,A,1175,1181,1178.0,94,38,6
1862,1775752987.743148,A,1175,1181,1178.0,94,38,6
1863,1775752987.744278,A,1175,1181,1178.0,38,38,6
1864,1775752987.744832,A,1175,1181,1178.0,38,38,6
1865,1775752987.745187,A,1175,1181,1178.0,38,38,6
1866,1775752987.7463958,A,1175,1181,1178.0,38,38,6
1867,1775752987.929334,A,1175,1181,1178.0,76,38,6
1868,1775752987.930122,A,1175,1181,1178.0,76,76,6
1869,1775752987.934297,A,1175,1181,1178.0,76,76,6
1870,1775752987.934581,A,1175,1181,1178.0,76,76,6
1871,1775752987.935654,A,1175,1181,1178.0,76,76,6
1872,1775752987.938066,A,1175,1181,1178.0,76,76,6
1873,1775752987.938574,A,1175,1181,1178.0,76,76,6
1874,1775752987.940116,A,1175,1181,1178.0,76,76,6
1875,1775752987.940647,A,1175,1181,1178.0,76,76,6
1876,1775752987.943379,A,1175,1181,1178.0,76,76,6
1877,1775752987.945761,A,1175,1181,1178.0,38,76,6
1878,1775752987.946562,A,1175,1181,1178.0,38,38,6
1879,1775752987.946832,A,1175,1181,1178.0,38,38,6
1880,1775752987.9477272,A,1175,1181,1178.0,38,38,6
1881,1775752987.949745,A,1175,1181,1178.0,38,38,6
1882,1775752987.9499068,A,1175,1181,1178.0,38,38,6
1883,1775752988.1452491,A,1177,1181,1179.0,38,38,4
1884,1775752988.148308,A,1177,1181,1179.0,38,38,4
1885,1775752988.148434,A,1177,1181,1179.0,38,38,4
1886,1775752988.1488042,A,1177,1181,1179.0,38,38,4
1887,1775752988.1490078,A,1177,1181,1179.0,38,38,4
1888,1775752988.149127,A,1177,1181,1179.0,38,38,4
1889,1775752988.149343,A,1177,1181,1179.0,38,38,4
1890,1775752988.149454,A,1177,1181,1179.0,38,38,4
1891,1775752988.150657,A,1177,1181,1179.0,38,38,4
1892,1775752988.151794,A,1177,1181,1179.0,38,38,4
1893,1775752988.1526752,A,1177,1181,1179.0,38,38,4
1894,1775752988.153461,A,1177,1182,1179.5,38,56,5
1895,1775752988.1535969,A,1177,1182,1179.5,38,56,5
1896,1775752988.157527,A,1177,1183,1180.0,38,112,6
1897,1775752988.159127,A,1177,1183,1180.0,38,112,6
1898,1775752988.159275,A,1177,1183,1180.0,38,38,6
1899,1775752988.336331,A,1178,1183,1180.5,38,38,5
1900,1775752988.3365152,A,1178,1183,1180.5,38,38,5
1901,1775752988.337056,A,1178,1183,1180.5,38,38,5
1902,1775752988.3385658,A,1178,1183,1180.5,38,38,5
1903,1775752988.340158,A,1178,1183,1180.5,38,38,5
1904,1775752988.3406022,A,1178,1183,1180.5,38,38,5
1905,1775752988.340827,A,1178,1183,1180.5,38,38,5
1906,1775752988.342057,A,1178,1183,1180.5,38,38,5
1907,1775752988.3422,A,1178,1183,1180.5,38,38,5
1908,1775752988.342474,A,1178,1183,1180.5,38,38,5
1909,1775752988.3426728,A,1178,1183,1180.5,38,38,5
1910,1775752988.342873,A,1178,1184,1181.0,38,94,6
1911,1775752988.3430731,A,1178,1184,1181.0,38,94,6
1912,1775752988.343151,A,1178,1184,1181.0,38,38,6
1913,1775752988.343224,A,1178,1184,1181.0,38,38,6
1914,1775752988.3433,A,1178,1184,1181.0,38,38,6
1915,1775752988.535051,A,1178,1184,1181.0,76,38,6
1916,1775752988.535367,A,1178,1184,1181.0,76,76,6
1917,1775752988.535674,A,1178,1184,1181.0,76,76,6
1918,1775752988.5381818,A,1178,1184,1181.0,76,76,6
1919,1775752988.542839,A,1178,1184,1181.0,76,76,6
1920,1775752988.5441222,A,1178,1184,1181.0,76,76,6
1921,1775752988.546011,A,1178,1184,1181.0,76,76,6
1922,1775752988.547623,A,1178,1184,1181.0,76,76,6
1923,1775752988.548036,A,1178,1184,1181.0,76,76,6
1924,1775752988.5487978,A,1178,1184,1181.0,76,76,6
1925,1775752988.550946,A,1178,1184,1181.0,38,76,6
1926,1775752988.551299,A,1178,1184,1181.0,38,38,6
1927,1775752988.552074,A,1178,1184,1181.0,38,38,6
1928,1775752988.552831,A,1178,1184,1181.0,38,38,6
1929,1775752988.553131,A,1178,1184,1181.0,38,38,6
1930,1775752988.5532858,A,1178,1184,1181.0,38,38,6
1931,1775752988.7334242,A,1178,1184,1181.0,38,38,6
1932,1775752988.7340648,A,1178,1183,1180.5,38,38,5
1933,1775752988.734643,A,1178,1183,1180.5,38,38,5
1934,1775752988.7359219,A,1178,1183,1180.5,38,38,5
1935,1775752988.736614,A,1178,1183,1180.5,38,38,5
1936,1775752988.7374668,A,1178,1183,1180.5,38,38,5
1937,1775752988.7376618,A,1178,1183,1180.5,38,38,5
1938,1775752988.739455,A,1178,1183,1180.5,38,38,5
1939,1775752988.7396312,A,1178,1183,1180.5,38,38,5
1940,1775752988.739805,A,1178,1183,1180.5,38,38,5
1941,1775752988.7400289,A,1177,1183,1180.0,94,38,6
1942,1775752988.7402298,A,1177,1183,1180.0,94,38,6
1943,1775752988.743329,A,1177,1183,1180.0,38,38,6
1944,1775752988.7489111,A,1177,1183,1180.0,38,38,6
1945,1775752988.749086,A,1177,1183,1180.0,38,38,6
1946,1775752988.749179,A,1177,1183,1180.0,38,38,6
1947,1775752988.9514592,A,1177,1183,1180.0,38,38,6
1948,1775752988.9524028,A,1177,1182,1179.5,38,38,5
1949,1775752988.9524941,A,1177,1182,1179.5,38,38,5
1950,1775752988.953404,A,1177,1182,1179.5,38,38,5
1951,1775752988.953506,A,1177,1182,1179.5,38,38,5
1952,1775752988.9549901,A,1177,1182,1179.5,38,38,5
1953,1775752988.955157,A,1177,1182,1179.5,38,38,5
1954,1775752988.955621,A,1177,1182,1179.5,38,38,5
1955,1775752988.9564002,A,1177,1182,1179.5,38,38,5
1956,1775752988.956586,A,1177,1182,1179.5,38,38,5
1957,1775752988.958299,A,1176,1182,1179.0,94,38,6
1958,1775752988.959191,A,1176,1182,1179.0,94,38,6
1959,1775752988.95973,A,1176,1182,1179.0,38,38,6
1960,1775752988.960174,A,1176,1182,1179.0,38,38,6
1961,1775752988.960702,A,1176,1182,1179.0,38,38,6
1962,1775752988.961511,A,1176,1182,1179.0,38,38,6
1963,1775752989.127369,A,1176,1182,1179.0,76,38,6
1964,1775752989.127872,A,1176,1182,1179.0,76,76,6
1965,1775752989.128205,A,1176,1182,1179.0,76,76,6
1966,1775752989.128926,A,1176,1182,1179.0,76,76,6
1967,1775752989.1298518,A,1176,1182,1179.0,76,76,6
1968,1775752989.132299,A,1176,1182,1179.0,76,76,6
1969,1775752989.1326358,A,1176,1182,1179.0,76,76,6
